2226 3164
488 141 550 185 ιε
807 137 924 184 DE
991 133 1778 200 VITISJURISC.

479 221 595 291 ejus
611 233 859 292 tempore
874 219 1056 274 vixiss'e
1071 218 1277 273 constat
1291 255 1306 282 ‚
1323 233 1440 273 tum
1456 222 1577 291 quia
1599 218 1821 289 Serapio
1849 231 2077 290 propter

484 298 593 346 oris
610 311 730 346 cum
747 294 966 366 plebeio
989 293 1213 347 homine
1228 290 1624 346 fimilitudinem
1645 292 1789 364 plebi
1820 290 2086 345 Romanae

454 387 457 389 ·
486 365 782 420 admodum
811 381 991 439 gratus
1009 366 1137 426 fuit,
1168 379 1228 420 ut
1245 367 1408 420 vixin
1430 384 1552 421 eum
1579 366 1696 418 talis
1724 364 1928 436 repulsa
1953 369 2087 420 ceci-

486 437 610 493 diss'e
627 441 901 503 videatur,
945 439 1217 512 postremo
1235 442 1395 493 etiam
1434 444 1558 511 quia
1587 437 1726 491 filius
1743 437 2084 509 Serapionis,
2115 496 2120 499 ,

489 512 659 565 homo
687 513 892 566 facetus
908 552 919 572 ‚
963 512 1340 584 intempestive
1380 512 1492 565 salis
1517 512 1767 582 jaciendo
1784 549 1796 570 ‚
1829 510 2089 563 offensam

487 583 579 637 fibi
595 586 889 639 conciliaffe
905 585 1062 650 ,facile
1079 585 1225 649 credi
1243 585 1427 657 potest.
1467 586 1637 639 Certe
1654 584 1899 639 Valerius
1917 584 2112 637 Maxi:

489 675 608 712 mus
623 662 676 712 in
691 677 805 712 eam
820 658 1145 712 sententiam
1160 658 1389 730 scribere
1405 658 1650 719 videtur,
1665 674 1977 729 quanquam
1995 674 2091 726 per

488 730 744 785 summam
759 731 1228 803 circnma-loamqtmm
1246 738 1293 786 &
1310 732 1395 783 alii
1408 745 1535 784 ante
1551 748 1651 783 nos
1667 729 2089 789 viderU11t,1um-
2111 757 2116 762 ·

228 824 254 865 k
279 824 436 874 Lib.7.c.
488 822 573 858 ma
589 809 705 858 imis
744 803 933 859 miscet
947 843 959 864 ‚
1001 802 1134 858 dum
1161 808 1247 858 ait.
1286 810 1311 848 k
1352 814 1403 857 P.
1422 800 1614 866 Nafica
1630 813 1821 874 togatae
1840 802 2093 871 potentia

236 892 267 925 5·
490 877 810 946 clariffimum
852 878 1042 932 luimen
1081 880 1130 930 is
1144 880 1235 949 qui
1266 876 1463 944 Consul
1497 874 1790 948 Jugurthae
1813 873 1998 928 bellum
2015 876 2094 927 in-

490 951 637 1004 dixit
649 950 769 1023 (hic
784 951 1082 1024 postremus
1109 947 1246 1022 fuit)
1272 952 1363 1022 qui
1390 960 1605 1002 matrem
1643 947 1854 1017 Ja'aeam
1880 946 2097 1018 Phrygi-

493 1026 565 1076 cis
563 1022 781 1092 sedibus
799 1025 872 1078 ad
880 1024 1075 1093 nostras
1098 1040 1218 1075 aras
1218 1021 1471 1094 focosque
1508 1024 1817 1091 migrantem
1835 1017 2102 1086 [ιιηὲἶῑίβῖ-ν

493 1098 594 1149 mis
615 1100 817 1167 excepit
833 1097 955 1168 (hic
973 1100 1176 1168 primus
1191 1092 1326 1166 fuit)
1351 1096 1443 1166 qui
1455 1096 1649 1147 multas
1663 1090 2009 1164 &pestiferas
2021 1091 2103 1157 fie-

495 1168 722 1223 ditiones
759 1171 1100 1224 auctoritatis
1124 1167 1241 1236 fuce
1271 1167 1442 1220 robore
1462 1166 1692 1237 oppreffit
1705 1203 1718 1224 ‚
1737 1187 1740 1190 ³
1761 1183 1858 1236 quo
1862 1166 2099 1235 principe

484 1240 710 1310 senatus
724 1255 820 1314 per
833 1243 1035 1314 aliquot
1051 1257 1214 1293 annos
1216 1241 1485 1311 gloriatus
1507 1238 1573 1311 cst
1586 1239 1727 1310 (haec
1745 1244 1938 1308 partim
1954 1237 2094 1291 Cor-

499 1315 635 1376 culi,
662 1321 854 1385 partim
894 1313 1207 1386 Serapionis
1232 1314 1261 1366 s
1258 1310 1396 1384 unt).
1408 1331 1521 1365 cum
1535 1311 1841 1366 aedilitatem
1857 1310 2100 1362 Curulem

499 1386 790 1452 adolescens
800 1399 995 1456 peteret
1010 1424 1022 1443 ‚
1045 1403 1351 1454 manumque
1364 1386 1569 1436 cuidam
1597 1396 1738 1452 opere
1755 1382 1936 1449 rustico
1948 1381 2102 1434 dura-

500 1468 609 1510 tam
622 1475 756 1510 more
767 1457 1158 1511 candidatorum
1172 1457 1408 1509 tenacius
1419 1452 1825 1526 apprehendiffet
1839 1491 1853 1517 ‚
1849 1456 1971 1527 joci
1975 1472 2100 1526 gra-

503 1534 584 1583 tia
600 1532 957 1602 interrogavit
971 1545 1082 1581 eum
1097 1562 1111 1589 ‚
1128 1543 1249 1581 num
1263 1526 1500 1581 manibus
1497 1527 1698 1595 solitus
1725 1527 1845 1595 effet
1871 1527 2100 1579 ambula-

506 1621 560 1655 re
573 1641 584 1663 ,
604 1603 741 1675 quod
748 1602 945 1657 dictum
960 1600 991 1654 ὰ
1007 1598 1457 1666 circumstantibus
1501 1609 1769 1669 exceptum
1783 1601 1854 1652 aa
1852 1598 2100 1671 populum

505 1679 752 1729 manavit
767 1711 782 1737 ‚
821 1675 1129 1742 causamque
1167 1671 1380 1742 repuffae
1425 1671 1657 1740 Scipioni
1693 1673 1897 1726 attulit.
1974 1671 2102 1725 Haec

508 1749 690 1800 omnia
707 1764 775 1799 eo
792 1747 952 1798 latius
968 1744 1174 1796 fuimus
1188 1745 1495 1816 prosecuti,
1521 1760 1647 1796 cum
1662 1758 1722 1796 ut
1737 1746 1792 1797 in
1811 1745 1907 1797 hac
1920 1776 1933 1788 ·
1951 1758 2102 1814 parte

507 1818 884 1875 confufionem
899 1829 1166 1888 quantum
1190 1819 1248 1870 in
1265 1815 1426 1870 nobis
1444 1815 1517 1867 est
1538 1832 1604 1867 ex
1622 1816 1838 1868 h1storia
1873 1817 2096 1870 tollere-

510 1910 645 1950 mus,
667 1906 783 1945 tum
801 1889 1011 1963 nequid
1026 1890 1083 1942 in
1100 1891 1212 1944 vita
1237 1887 1401 1943 nostri
1418 1887 1804 1959 jurisconsulti
1819 1889 2101 1943 videretur
2171 1925 2174 1928 -

513 1964 757 2021 omifl‘um
771 1980 865 2019 aut
883 1979 1170 2038 perperam
1189 1960 1574 2017 eiattributum
1593 1961 2010 2032 relinqueretur.
2047 1964 2053 1969 '

1940 2615 1994 2686 C
2011 2616 2111 2684 AF}
