2003 2935
751 80 1501 158 DEDICATlo

434 199 592 265 Cum
611 203 761 266 enim
782 204 839 264 in
857 200 1021 266 brevi
1069 201 1230 290 quasi
1262 199 1472 265 tabella
1501 197 1808 262 contineat
1835 195 1936 261 ad-

339 335 628 400 umbratas
654 335 930 423 imagines
978 335 1242 398 omnium
1260 334 1364 421 qni
1394 329 1716 398 forensibus
1735 329 1936 394 studiis

343 473 547 532 Romae
568 467 708 530 olim
738 466 1103 546 claruerunt,
1133 489 1413 555 *quorum
1459 464 1777 553 prudentia
1822 462 1939 529 fuit

338 601 786 665 fundamentum
836 603 1008 689 Reip:
1027 601 1269 666 fraenum
1319 599 1638 686 tyrannidis
1664 622 1731 662 ac
1746 595 1961 686 praefi·'

337 735 499 798 dium
517 732 652 816 juris
687 735 746 797 ὃς
775 736 958 822 aequi,
1005 737 1147 799 &tu
1193 735 1369 798 animi
1419 731 1824 822 magnitudine
1870 752 1939 796 ac

338 871 472 933 vitae
491 869 827 955 integritate
863 862 1129 932 omnium
1148 870 1430 933 virtutum
1450 915 1467 946 ,
1513 866 1727 956 quibus
1742 868 1939 930 Roma

339 1000 841 1090 stetiteffigiemin
862 1021 921 1066 te
938 1004 1302 1088 exprefferiS,
1356 1025 1534 1067 nemo
1561 1001 1704 1065 mihi
1751 999 1938 1089 magis

339 1134 584 1197 idoneus
606 1133 753 1197 visus
773 1134 888 1215 est,
938 1105 1030 1198 cili
1065 1135 1335 1201 offerrem
1383 1137 1500 1200 hoc
1531 1133 1938 1198 munusculum

340 1269 515 1330 animi
544 1266 719 1329 index
740 1271 822 1331 tui
845 1292 1019 1356 quam
1037 1272 1292 1334 maxim&
1309 1269 1681 1334 observanti&
1779 1270 1940 1331 Nam

339 1394 841 1485 quemadmodum
904 1420 1024 1460 non
1089 1416 1208 1461 tam
1269 1397 1571 1484 splendida
1634 1398 1940 1479 Majorum

338 1530 637 1594 stemmata
658 1535 867 1615 quam,
916 1528 1365 1616 jurisprudentia
1393 1530 1592 1618 legum
1641 1546 1826 1593 mater
1871 1553 1938 1594 ac

340 1661 554 1725 vindex
581 1662 641 1723 3<
659 1663 941 1725 virtutum
989 1661 1215 1726 illarum
1234 1664 1433 1726 nutrix
1451 1710 1467 1738 ,
1489 1661 1700 1749 quibus
1719 1661 1960 1739 florue-¹

341 1814 474 1858 runt
521 1796 775 1859 Romani
810 1817 1000 1859 rerum
1048 1798 1340 1873 Domini,
1387 1797 1539 1859 viam
1586 1796 1817 1882 aperuit
1862 1795 1938 1876 ad

338 1926 508 1991 Sellas
547 1925 799 1988 Curules
829 1928 890 1991 8<
919 1928 1261 2015 ampliffima
1308 1929 1482 2014 Reip:
1500 1930 1731 2005 munia,
1780 1926 1857 1992 fic
1874 1946 1934 1994 te

337 2084 455 2125 non
477 2077 594 2122 tam
618 2060 853 2122 Patricia
875 2078 975 2123 tua
1003 2059 1219 2125 familia
1252 2060 1563 2125 virtutibus
1594 2062 1761 2126 avitis
1816 2059 1930 2126 ful·

337 2216 475 2282 gens
496 2240 511 2269 ‚
528 2214 705 2277 quam
732 2194 931 2257 innata
948 2195 1127 2258 virtus
1147 2242 1164 2273 ‚
1194 2216 1425 2258 morum
1447 2192 1663 2257 candor
1690 2195 1752 2258 8<
1769 2216 1934 2260 mens

335 2324 588 2407 juridicis
606 2322 804 2386 studiis
821 2325 1081 2405 suba&a‚
1132 2326 1316 2415 longo
1335 2324 1526 2390 rerum
1541 2325 1644 2390 usu
1691 2325 1932 2409 limata,

333 2458 679 2546 acingenuis
726 2458 945 2524 artibus
992 2459 1255 2548 expolita
1282 2460 1355 2525 ad
1373 2462 1545 2548 Reip:
1565 2459 1770 2552 nostr-x
1815 2461 1928 2526 cla-

1795 2616 1935 2660 vum
