2226 3164
195 235 217 272 f
237 235 307 273 Cic.
320 232 419 273 inBr.

195 623 221 660 g
246 613 317 647 Cic.
331 607 369 644 de

195 664 255 713 leg.
268 660 326 699 lib.
343 674 377 697 2.

199 1284 225 1321 h
240 1283 311 1322 Val.
322 1284 429 1319 Max.

199 1334 259 1372 lib.
277 1341 311 1373 8.
325 1348 353 1370 c.
374 1347 433 1381 14.

200 1493 214 1527 i
239 1489 372 1540 viscort.
395 1492 425 1526 in

205 1555 219 1591 3
231 1569 238 1577 .
251 1545 352 1578 invem

207 2067 234 2103 k
259 2064 327 2101 Cic.
349 2070 405 2110 pro

209 2114 303 2165 ⁵Rosc:
316 2120 429 2149 Amer:

453 171 517 216 60
763 171 882 217 DE
950 171 1738 242 vo1T15JURISC.

450 249 694 304 Crassum
710 250 1115 310 administravit.
1153 253 1174 291 f
1205 254 1414 319 Consul
1446 262 1627 330 itaque
1666 254 1811 310 fuisse
1850 261 2046 331 reperi-

450 338 538 378 tur
565 343 711 378 anno
752 326 902 380 urbis
918 326 1039 395 658.
1077 327 1183 381 fuit
1201 329 1522 384 &Pontifex
1565 330 1873 391 Maximus,
1891 331 2047 402 quod

451 415 571 451 cum
588 401 655 451 ex
695 400 877 451 multis
891 400 1034 463 aliis,
1074 416 1186 453 tum
1201 401 1390 456 exhoc
1434 403 1863 456 Ciceronisloco
1887 423 2050 476 appa--

450 485 535 523 ret
561 496 580 530 ς
632 468 879 545 Qintus·
915 474 1146 526 Scaevola
1173 483 1314 527 Pont.
1343 474 1499 528 Max.
1529 476 1789 544 summam
1816 481 1930 530 vim
1956 474 2050 548 eſje

448 543 652 597 dicebat
677 549 734 596 in
750 544 983 599 omnibus
997 547 1066 598 iis
1090 547 1359 610 arbitriis,
1396 550 1453 600 in
1472 548 1656 620 quibus
1681 549 1956 603 adderetur
1980 564 2047 602 ex

450 616 578 670 bona
618 616 753 670 Fide.
803 646 827 685 g
864 618 1162 673 Proconsul
1204 619 1389 675 Afiam
1426 621 1775 676 Provinciam
1829 622 2050 684 habuit,

450 707 610 758 quam
626 702 733 742 tam
750 689 925 744 san&e
942 697 1081 745 rexit
1095 729 1109 754 ,
1133 706 1193 745 ut
1209 693 1328 746 aliis
1343 696 1397 747 in
1416 712 1533 747 eam
1548 693 1902 748 Provinciam
1919 712 2052 766 pro—

450 761 813 815 ficiscentibus
829 781 928 834 pro
944 765 1218 836 Exemplo
1242 765 1546 838 propofitus
1577 766 1762 829 fuerit,
1808 785 1974 838 quare
1999 773 2051 821 &

451 832 667 888 Afiatici
694 834 885 888 festum
915 838 968 891 ei
993 838 1270 910 quoddam
1311 839 1679 893 condiderunt
1703 875 1718 901 ‚
1771 844 1851 892 cui
1878 843 2052 893 mutia

451 924 657 962 nomen
675 914 816 971 erat,
859 925 918 963 ut
939 910 1069 964 hinc
1085 911 1359 966 discimus:
1399 912 1482 966 At
1495 910 1669 986 neQ
1689 911 1889 983 quidem
1917 912 2049 966 Scae-

454 981 586 1032 volae
616 998 762 1053 quern
780 1023 792 1043 ‚
837 982 904 1035 L.
923 982 1132 1051 Craffus
1161 987 1217 1038 in
1250 984 1521 1052 consulatu
1556 990 1803 1056 collegam
1830 984 2047 1047 habuit,

446 1054 811 1127 gloriaporuin
826 1054 1056 1120 illustris:
1073 1058 1164 1128 qui
1183 1057 1362 1126 Astam
1376 1055 1676 1122 tamsanffte
1692 1056 1756 1113 &¹
1774 1069 1883 1109 tam
1882 1056 2055 1126 forti·

455 1139 535 1179 ter
549 1127 807 1190 obtinuit,
846 1140 906 1180 ut
923 1127 1149 1182 Senatus
1173 1131 1227 1183 in
1254 1147 1365 1182 earn
1391 1129 1723 1182 Provinciam
1748 1131 1907 1182 ituris
1929 1128 2055 1181 Ma-

444 1199 783 1270 gistratibus,
825 1203 1136 1271 exemplum,
1177 1202 1573 1272 atqueforinain
1587 1199 1740 1270 officii
1766 1200 2054 1255 Scaevolam

452 1272 652 1325 decreto
677 1274 779 1343 suo
807 1285 1129 1344 proponeret.
1169 1283 1195 1320 h
1234 1275 1309 1327 Et
1336 1292 1404 1327 ex
1431 1274 1540 1327 hoc
1568 1275 1706 1327 loco,
1747 1272 2055 1349 QMutius

456 1343 985 1417 Afiainſjngulariter
1011 1358 1252 1400 rexerat:
1294 1347 1418 1400 adeo
1447 1358 1506 1399 ut
1532 1346 1643 1400 dies
1668 1345 1846 1415 Festus
1865 1344 1897 1398 ιὶ
1914 1346 2055 1400 Grae-

456 1419 531 1468 cis
545 1419 602 1467 in
616 1416 857 1468 honorem
871 1427 980 1482 ejus
991 1420 1405 1486 constitueretur,
1448 1425 1534 1489 qui
1560 1418 1817 1471 diceretur
1845 1417 2051 1472 Mutia.

454 1497 468 1533 i
505 1486 763 1541 Tandem
789 1493 871 1544 vir
899 1489 1253 1544 Sanehffimus
1277 1526 1292 1552 ,
1333 1505 1715 1545 ornamentum
1742 1491 1907 1544 saeculi
1940 1492 2054 1554 sui,

454 1561 789 1615 turbulentis
827 1562 1089 1634 Reipubl:
1127 1568 1341 1616 interna
1378 1563 1645 1615 seditione
1682 1564 2053 1635 temporibus,

455 1634 588 1688 dum
615 1637 734 1706 paci
771 1652 995 1706 operam
1033 1650 1199 1690 navat
1225 1671 1240 1697 ‚
1286 1634 1418 1705 jussu
1447 1634 1699 1687 Fimbriae
1725 1639 2048 1690 interemtus

457 1706 559 1767 est,
599 1708 857 1758 cadavere
880 1712 932 1758 in
949 1707 1156 1759 flumen
1175 1707 1415 1774 abjeeffl:
1454 1706 1752 1776 idqueloca
1767 1708 2051 1778 sequentia

457 1777 636 1847 palam
650 1776 869 1829 faciunt.
907 1774 1035 1850 Qo
1059 1786 1172 1845 Pop:
1189 1778 1338 1829 Rom:
1362 1776 1501 1830 nihil
1515 1780 1659 1831 vidit·
1677 1780 1946 1850 indignius
1959 1779 2056 1846 nist

461 1850 573 1921 ejus
588 1850 703 1902 viri
727 1859 961 1909 mortem,
1002 1866 1113 1919 quae
1140 1861 1345 1901 tantum
1365 1853 1570 1917 potuit,
1609 1861 1669 1900 ut
1708 1868 1877 1902 omnes
1903 1853 2052 1903 cives

455 1922 577 1989 suos
584 1919 870 1991 perdiderit
887 1917 950 1978 ἄν
965 1919 1226 1990 afflixerit
1243 1961 1256 1980 ,
1298 1938 1422 1992 quos
1435 1922 1560 1990 quia
1572 1920 1796 1987 servare
1809 1936 1904 1993 per
1923 1941 2054 1976 com-

449 1993 749 2065 pofitionem
765 1993 1005 2055 volebat,
1044 1994 1152 2063 ipse
1165 1993 1230 2046 ab
1245 1995 1317 2045 iis
1342 1996 1647 2047 interemtus
1670 1994 1748 2063 est.
1789 2000 1815 2038 k
1853 1996 2053 2067 Neque

464 2067 716 2120 hocloco
747 2065 969 2138 infignis
999 2065 1251 2119 Fimbria:
1267 2066 1601 2139 impudentia
1629 2085 1699 2119 ne
1726 2068 1902 2124 dicam
1916 2071 2051 2126 insa-

460 2144 551 2194 nia
567 2139 783 2193 filentio
798 2142 1049 2211 praeteriri
1068 2139 1245 2211 potest
1257 2176 1272 2203 ‚
1298 2144 1386 2211 qui
1400 2139 1690 2193 Scaevolam
1707 2142 2050 2199 vulneratum

462 2215 521 2267 in
537 2212 798 2281 judicium
815 2212 994 2266 voluit
1020 2231 1239 2274 vocare,
1279 2212 1612 2267 accusaturus
1628 2230 1752 2266 eum
1767 2215 1917 2286 quod
1934 2235 2050 2270 non

463 2299 645 2338 totum
674 2287 842 2337 telum
866 2303 1099 2356 corpore
1124 2284 1405 2358 recepiffet
1431 2320 1446 2346 ‚
1499 2298 1559 2336 ut
1597 2285 1806 2339 ibidem
1842 2287 2046 2342 Cicero

464 2370 661 2414 narrat.
704 2357 910 2410 Eadem
937 2359 1006 2410 de
1035 2377 1090 2411 re
1116 2358 1182 2412 fic
1200 2361 1257 2413 in
1275 2354 1528 2430 impreffis
1545 2357 1844 2412 codicibus
1861 2359 2050 2415 Velle-

464 2429 550 2501 jus
575 2468 588 2488 ‚
650 2428 1002 2500 Damastppus
1065 2431 1370 2485 Domitium
1420 2429 1706 2482 Scaevolam
1755 2432 2048 2503 Pontificem

462 2500 791 2561 Maximum,
835 2501 1086 2560 &divim
1110 2505 1425 2576 humanique
1441 2503 1582 2573 juris
1594 2514 1822 2557 autorem
1836 2507 2044 2559 celeber-

464 2576 646 2627 rimum
659 2609 674 2636 ‚
712 2578 769 2628 in
793 2575 835 2628 C
840 2577 955 2647 uria
972 2575 1203 2646 Hostilia
1221 2575 1560 2636 Trucidavit‚
1609 2576 1758 2631 velut
1758 2577 2046 2703 Ῑαυεὲῑεὲη

1931 2650 1993 2720 yl
2008 2668 2049 2703 ae
