2226 3164
573 119 762 165 LIB.
831 117 910 162 II.
978 80 1170 164 CAi.
1235 121 1292 166 X.
1636 142 1730 192 179

138 200 283 274 poffe
301 218 445 275 nego
465 238 480 265 ,
516 210 611 274 qui
629 220 697 256 ex
716 199 1024 257 recensione
1041 202 1236 257 Erasini
1254 206 1330 259 ita
1360 205 1570 279 legitur.
1610 209 1732 263 ‘Do-

132 279 318 329 mitius
340 277 401 330 de
439 274 601 346 officio
632 274 956 347 proconsulis
981 308 997 335 ‚
1054 274 1203 328 libris
1227 277 1429 348 septem
1478 282 1731 353 rescripta

134 347 449 420 Principum
466 349 673 421 nefaria
689 349 897 420 collegit
911 382 927 409 ,
966 361 1023 401 ut
1037 349 1236 401 doceret
1251 355 1434 419 quibus
1455 357 1618 423 paem's
1639 356 1725 425 af·
1937 419 1939 421 ι

114 418 216 490 fici
238 434 489 492 oporteret
505 442 586 474 eos
600 426 692 496 qui
704 424 758 488 se
773 422 992 475 cultores
1010 421 1130 475 Dei
1144 421 1514 491 confiteremur.
1554 442 1576 479 p
1617 427 1724 481 Hic
1746 413 1974 511 E,„L‘}22,‚‘{}2

127 494 690 550 locusutsententiam
718 494 1001 549 bertrandi
1027 493 1266 564 juvaret,
1306 495 1383 548 ita
1410 513 1522 550 erat
1543 499 1722 553 distin·
1754 525 1823 561 5.c.
1844 527 1899 551 11.

124 565 372 634 guendus
387 602 401 627 ‚
442 568 728 621 ‘Domitius
738 571 799 621 de
812 565 1210 638 officitsprocoff
1223 567 1374 621 libras
1387 607 1399 627 ‚
1410 569 1609 638 septem
1623 574 1722 638 ref-

122 641 295 707 cripta
315 637 386 692 P.
405 638 479 692 N.
497 640 707 712 collegit
761 641 864 693 Sed
883 641 1046 711 longe
1061 641 1221 693 aliter
1239 640 1340 711 jam
1358 642 1574 714 legitur,
1589 662 1724 713 qua-

121 727 182 764 re
196 711 304 764 hoc
318 712 539 767 indicat⁴
588 715 893 768 Domitium
910 714 1220 785 quempiam
1236 713 1267 788 (
1283 732 1395 767 non
1413 731 1591 768 autem
1611 718 1718 771 Ul-

66 808 69 811 ·
122 784 351 853 pianum
382 785 614 839 nostrum
636 788 649 843 )
685 786 933 859 scripsisse
974 787 1145 839 libros
1184 788 1392 859 septem
1431 788 1500 841 de
1530 788 1716 845 officio

117 855 376 911 Procons
369 860 468 913 ulis
482 894 497 919 ‚
538 874 700 932 atque
722 862 778 914 in
807 861 875 913 iis
890 859 1159 930 collegisse
1174 861 1322 916 varia
1337 862 1592 934 rescripta
1613 866 1719 918 ‚lm-

115 943 432 1001 peratorum
448 947 639 986 contra
653 933 992 986 Christianos
1008 971 1020 988 ‚
1074 933 1249 1002 iisque
1265 947 1416 987 totos
1431 935 1637 1003 septem
1654 938 1717 990 li-

116 1002 244 1056 bros
257 1005 579 1074 explevisse:
614 1021 737 1058 nam
755 1020 816 1058 ut
829 1004 941 1057 sola
959 1003 1162 1073 septem
1180 1005 1430 1077 rescripta
1444 1007 1472 1059 a
1488 1008 1712 1062 Laetan-

114 1074 199 1128 tio
227 1076 459 1130 indicari
491 1092 770 1149 putemuS,
810 1076 1115 1131 institutum
1132 1077 1361 1130 aucitoris
1388 1096 1567 1142 vetat,
1609 1083 1707 1154 qui

112 1165 238 1200 cum
265 1161 390 1201 toto
419 1149 518 1203 isto
543 1154 725 1221 capite
750 1156 1009 1204 cruciatus
1028 1148 1352 1203 Christianis
1365 1151 1640 1206 adhibitos
1656 1160 1709 1207 &

109 1218 371 1274 saevitiam
395 1224 452 1275 in
472 1241 567 1276 eos
595 1224 889 1277 exercitam
917 1236 1178 1295 quantum
1206 1221 1321 1276 fieri
1346 1224 1524 1294 potest
1540 1243 1703 1298 exag-

108 1293 334 1364 gerasset
348 1329 362 1355 ,
378 1313 655 1368 nunquam
672 1296 763 1350 sub
780 1295 945 1350 finem
961 1297 1153 1368 capitis
1171 1312 1278 1350 tarn
1296 1315 1461 1367 pauca
1475 1298 1703 1369 rescrip-

107 1381 161 1421 ta
177 1365 243 1419 ab
263 1366 444 1438 Impp.
460 1369 658 1425 emissa,
676 1376 727 1420 &
742 1371 808 1420 ab
825 1370 1011 1437 aliquo
1028 1371 1086 1418 in
1102 1387 1270 1419 unum
1287 1369 1484 1420 fascem
1499 1372 1701 1424 collec-

103 1452 159 1492 ta
172 1474 187 1499 ‚
200 1437 486 1492 coronidis
501 1439 625 1492 loco
641 1440 693 1492 su
703 1438 953 1509 bjecisset.
996 1438 1230 1493 Plurima
1247 1440 1396 1493 enim
1412 1459 1534 1494 cum
1549 1442 1578 1494 a
1593 1440 1699 1496 fin-

101 1511 241 1584 gulis
277 1510 394 1566 fere
437 1513 854 1584 Imperatoribus
881 1510 1311 1567 Christianorum
1341 1515 1473 1566 odio
1499 1514 1697 1568 consti-

99 1599 217 1638 tuta
234 1601 301 1637 ex
317 1585 551 1638 historiis
565 1585 827 1639 discamus
844 1631 856 1648 ,
873 1587 1105 1657 plurima
1120 1604 1340 1657 quoque
1352 1587 1508 1640 illum
1525 1623 1538 1649 ‚
1553 1588 1696 1659 quis-

100 1659 224 1730 quis
254 1656 390 1717 fuit,
428 1656 699 1729 collegisse
724 1663 775 1710 &
810 1659 867 1710 in
896 1659 1081 1711 literas
1106 1658 1286 1711 mifiss'e
1310 1660 1574 1713 credibile
1589 1661 1693 1713 est:

97 1747 216 1800 quae
253 1729 477 1798 quidem
517 1737 645 1783 totis
682 1730 887 1801 septem
917 1731 1067 1784 lib'ris
1093 1730 1533 1783 consarcinandis
1552 1731 1696 1784 suffi-

97 1801 339 1855 cientem
354 1799 695 1869 praebuerunt
711 1804 1008 1852 materiam.
1051 1802 1116 1852 ld
1140 1815 1318 1852 autem
1344 1802 1414 1853 de
1446 1804 1694 1874 Ulpiano

96 1874 207 1928 hoc
234 1870 418 1925 nostro
444 1869 687 1942 intelligi
711 1889 824 1924 non
853 1869 1031 1942 potest
1051 1902 1063 1924 ‚
1104 1876 1189 1942 qui
1218 1872 1390 1925 libros
1415 1872 1604 1928 decem
1620 1875 1692 1929 de

95 1945 280 2002 officio
303 1945 674 2006 ProconsuliS‚
720 1962 831 1997 non
849 1961 983 1998 vero
997 1943 1203 2015 septem
1231 1946 1560 2017 composuit:
1598 1965 1692 2001 ne-

95 2037 206 2092 que
229 2019 380 2072 libris
403 2018 609 2091 septem
638 2018 908 2089 prioribus
933 2017 1001 2070 de
1020 2017 1453 2072 Christianorum
1481 2019 1689 2091 suppli-

97 2094 198 2146 ciis
223 2094 339 2164 agit
363 2106 422 2145 ut
442 2110 510 2145 ex
540 2092 673 2146 locis
707 2090 838 2144 inde
863 2091 1104 2144 adduetis
1132 2107 1284 2164 patet
1311 2112 1321 2144 ε
1369 2105 1392 2143 <1
1432 2085 1684 2147 Prae'terea
1707 2131 1730 2169 q
1757 2121 1798 2156 L,
1817 2132 1937 2172 467·

98 2179 348 2237 tempore
366 2166 641 2219 Antonini
660 2163 982 2235 Caracallae(
1001 2183 1112 2218 non
1142 2182 1323 2219 autem
1351 2180 1404 2217 ut
1433 2165 1673 2220 Bertran-
1710 2170 1824 2214 9-deo
1853 2203 1862 2212 .

97 2237 196 2292 dus
220 2237 367 2291 credi
387 2239 529 2301 vult,
570 2239 920 2311 Heliogabali
931 2247 952 2300 )
982 2237 1104 2292 istos
1132 2240 1297 2292 libros
1314 2239 1531 2310 scriptos
1547 2257 1673 2309 ptae-
1704 2223 1802 2259 P'⁰‘⁰
1829 2252 1837 2261 ·

95 2309 240 2363 dieta
253 2311 368 2365 loca
385 2311 676 2366 ostendunt
690 2347 706 2373 ‚
743 2330 854 2382 quo
870 2327 1117 2384 tempore
1134 2310 1474 2366 Christianos
1488 2315 1554 2366 ad
1571 2332 1680 2366 mu-

97 2384 548 2440 nera&honores
564 2385 811 2439 admissos
824 2385 970 2439 fuisse
988 2386 1223 2447 exloco‚
1263 2397 1280 2420 ¹
1321 2391 1411 2457 qui
1445 2387 1671 2459 Ulpiani
1696 2414 1713 2437 r
1741 2405 1778 2439 L.
1797 2419 1827 2452 3.
1851 2412 1882 2452 §-
1900 2423 1931 2458 3.

95 2456 199 2519 est,
240 2456 570 2513 libro-tertio
595 2459 665 2514 de
692 2458 874 2513 officio
900 2458 1272 2520 proconsulis,
1310 2459 1455 2513 reste
1481 2477 1671 2513 contra
1691 2453 1729 2490 ‘1⁶’
1754 2453 1859 2497 ‘³⁶⁰⁰‘

96 2529 367 2587 Alciatum
392 2527 416 2565 s
436 2532 630 2603 probat
647 2533 991 2589 Bettrandus.
1033 2532 1182 2603 Qid
1199 2546 1377 2588 autem
1391 2551 1528 2606 opus
1542 2534 1671 2587 fuis-
1695 2504 1831 2609 ζῇ,
1842 2508 1923 2602 [8158

985 2607 1034 2660 Ζ
1074 2625 1105 2658 2
1593 2608 1672 2660 set
