2226 3164
258 664 279 700 p
313 649 460 687 Tac.lib.

286 730 294 737 .
325 717 340 738 Η

256 1895 279 1931 q
308 1882 406 1933 Agel.
433 1882 491 1921 lib.

261 1945 321 1969 10.
333 1947 360 1969 C.
374 1947 434 1970 20.

257 2044 281 2067 r·
301 2036 419 2071 Macr.
434 2034 489 2071 Ιιὸ.

262 2086 376 2122 ῐμὸατ.

253 2249 278 2285 s
295 2249 408 2300 tages.
435 2250 491 2286 lib.

264 2312 331 2348 5·⁶·
351 2313 411 2337 zo.
429 2313 488 2338 21.

258 2361 271 2385 t
298 2349 377 2397 fest.
398 2354 493 2404 invo-

404 2414 454 2438 us.

254 2412 289 2434 ce
306 2408 400 2437 Mam

516 123 586 185 96
829 116 949 161 DE
1015 113 1808 178 v1T1sJUR13c.

515 203 770 259 civilibus
783 203 1084 271 adsecutus,
1112 202 1217 272 sed
1238 219 1342 256 avo
1363 204 1664 256 ‘centurione
1689 201 1928 270 Syllano,
1958 213 2113 273 patre

506 280 769 350 praetorio.
811 276 1145 341 Consulatum
1173 278 1221 329 ei
1235 274 1622 329 acceleraverat
1636 275 1977 348 Augustusut
1993 275 2111 328 La-

517 350 722 403 beonem
749 348 1043 419 Antistium
1068 348 1248 414 iisdem
1273 347 1479 404 artibus
1482 348 1860 420 praecellentem
1876 385 1891 412 ,
1930 350 2113 420 digna-

518 425 662 475 tione
686 420 1159 494 ejusMagistratus
1183 425 1427 476 anteiret.
1467 422 1713 494 Namque
1742 422 1840 475 illa
1872 422 2112 476 aetasduo

517 498 665 563 pacis
678 495 1015 561 decorastmul
1025 495 1156 548 tulit
1168 509 1201 557 ,“
1211 495 1315 563 sed
1326 494 1503 549 Labeo
1513 497 1817 565 incorrupta
1832 494 2078 549 libertate
2093 533 2110 555 ‚

522 565 588 624 ὅ)
616 566 671 619 ob
698 567 759 620 id
766 568 926 637 fama
944 566 1250 622 celebratior
1273 607 1286 629 ‚
1335 568 1612 638 Capitonis
1640 568 1932 638 obsequium
1955 568 2116 621 domi-

520 640 769 693 nantibus
785 641 954 711 magis
957 639 1222 710 probatur.
1261 677 1284 714 p
1322 641 1487 694 Extat
1501 640 1646 712 apud
1664 639 1900 693 eundem
1915 639 2117 693 eodem

517 713 661 764 libro
688 709 896 783 infigne
921 712 1255 767 adulationis
1280 714 1591 786 exemplum
1620 729 1746 765 nam
1792 728 1914 764 cum
1941 711 2118 765 Caesat

518 785 759 856 aliquem
786 788 934 839 inter
962 802 1084 839 reos
1114 786 1287 858 recipi
1310 800 1544 845 vetaret,
1589 782 2118 856 Palamafpernaba-

516 867 603 909 tur
631 857 855 929 Attcjus
880 858 1069 929 Capito
1095 870 1347 931 tanquam
1365 872 1458 932 per
1488 857 1809 919 libertatem,
1849 874 1955 911 non
1979 858 2118 911 enim

515 929 690 982 debere
716 932 847 1000 eripi
874 931 1122 1001 patribus
1146 936 1261 984 vim
1272 931 1573 999 statuendi:
1599 931 1738 999 sane
1763 932 1937 998 {gntus
1949 932 2007 983 in
2008 928 2112 995 suo

515 1002 684 1055 dolore
699 1001 816 1071 effet
832 1041 844 1062 ,
887 1003 1042 1074 ReiP:
1061 1000 1298 1073 Injurias
1312 1019 1375 1055 ne
1389 1002 1672 1072 largiretur
1685 1035 1701 1060 ‚
1730 1007 1792 1052 ὃς
1807 1000 1989 1053 subdit
2004 1001 2120 1054 Ca-

517 1076 640 1144 pito
668 1075 927 1146 infignior
955 1075 1178 1128 infamia
1207 1074 1345 1136 fuit,
1384 1072 1539 1146 quod
1574 1071 1800 1126 humani
1826 1070 2119 1145 divinique

497 1146 651 1218 juris
659 1146 830 1212 sciens
843 1184 856 1205 ,
899 1149 1158 1219 egregium
1164 1146 1430 1217 publicum
1442 1182 1458 1208 ,
1484 1143 1549 1204 ὠ
1561 1144 1721 1200 bonas
1733 1144 1870 1198 domi
1881 1155 2025 1198 artes
2036 1146 2124 1199 de-

518 1218 901 1288 honestaviffet.
939 1218 1258 1273 Est&aliud
1273 1218 1441 1273 fimile
1455 1218 1770 1291 exemplum
1797 1218 1826 1270 a
1850 1217 2122 1272 Suetonio

518 1291 747 1344 relatum
764 1329 779 1354 ,
821 1310 946 1345 nam
979 1311 1102 1346 curn
1135 1291 1205 1345 de
1230 1293 1399 1347 verbo
1417 1292 1606 1362 aliquo
1624 1307 1778 1344 novo
1793 1299 2122 1345 controver-

516 1361 585 1414 fia
612 1362 738 1414 esset
763 1366 908 1416 inter
934 1365 1236 1434 Tyberium
1262 1369 1323 1416 &
1371 1363 1747 1433 Pomponium
1788 1361 2122 1416 Marcellum

505 1433 944 1489 >Grammaticum
961 1470 975 1496 ,
990 1432 1275 1488 affirmavit
1291 1434 1501 1507 Capito
1527 1431 1661 1503 effed
1679 1434 1821 1488 illud
1832 1430 2123 1499 Latinum,

518 1504 585 1565 ἔγ
611 1506 654 1577 fi
673 1525 771 1560 non
798 1505 918 1577 effet
931 1507 1209 1579 futurum:
1252 1519 1363 1561 tum
1389 1507 1552 1565 alter,
1587 1508 1703 1578 jam
1725 1507 1846 1560 inde
1870 1511 2124 1562 mentitur

515 1580 695 1651 inquit
710 1580 926 1652 Capito:
969 1581 1051 1634 Tu
1066 1583 1203 1634 enim
1229 1579 1404 1648 Caesar
1422 1580 1711 1632 civitatem
1734 1578 1858 1633 dare
1861 1590 2012 1650 potes
2025 1579 2122 1633 ho-

516 1651 770 1711 minibus,
813 1653 976 1704 verba
1001 1670 1103 1703 non
1127 1664 1279 1719 potes
1311 1653 1400 1705 ubi
1434 1667 1616 1705 tamen
1645 1651 1853 1720 majore
1867 1669 1989 1704 cum
2005 1654 2126 1706 sen-

518 1720 605 1771 sus
622 1722 830 1790 argutia
846 1738 969 1772 cum
987 1721 1293 1773 Bertrando
1312 1722 1438 1792 lego
1453 1757 1468 1783 ‚
1487 1721 1667 1774 verbis
1685 1739 1784 1774 non
1804 1725 1973 1791 potes,
1987 1725 2120 1776 Me-

514 1791 678 1843 minit
704 1791 865 1860 hujus
910 1794 1052 1845 Ateii
1094 1792 1387 1862 Capitonis
1416 1792 1680 1861 saepiffime
1707 1793 1956 1860 Agellius
1969 1810 2119 1848 eum-

516 1880 623 1933 que
665 1861 889 1916 Publici
914 1865 1231 1934 privatique
1274 1863 1419 1932 juris
1461 1862 1819 1933 peritifflmum
1857 1881 2052 1930 vocat,
2096 1884 2122 1922 q

516 1939 756 2007 itemque
788 1936 1103 1989 Macrobius
1129 1936 1227 2007 qui
1254 1952 1379 1988 eum
1398 1936 1541 2006 juris
1554 1933 1818 2004 Pontificii
1845 1937 1992 1993 inter
2006 1944 2120 2012 pri-

518 2025 636 2060 mos
656 2009 895 2079 peritum
910 2008 1183 2080 appellat,
1232 2027 1250 2050 t
1273 2007 1597 2061 ‚notandum
1626 2022 1806 2061 tamen
1843 2009 1917 2062 est
1940 2011 2122 2081 plures

517 2078 669 2133 fuisse
685 2080 1030 2153 Capitonum
1045 2080 1303 2141 familias,
1348 2079 1472 2134 nam
1504 2086 1562 2133 &
1586 2079 1833 2136 Titimos
1857 2086 1909 2136 δε
1934 2083 2121 2139 Sisun-

520 2170 623 2205 nos
649 2153 957 2225 Capitones
984 2154 1218 2207 invenio
1236 2188 1247 2207 ‚
1293 2152 1496 2207 deinde
1527 2151 1693 2206 Afinii
1710 2153 2007 2225 Capitonis
2020 2160 2121 2210 viri

519 2223 802 2278 doetiffimi
817 2226 1069 2298 epistolas
1086 2230 1230 2288 citat,
1245 2226 1393 2281 idem
1410 2225 1656 2295 Agellius
1671 2225 1870 2279 diserte
1911 2248 1927 2284 1
1964 2243 2118 2282 eum-

518 2313 625 2366 que
642 2297 906 2370 saepiffime
938 2299 1121 2352 laudat
1146 2298 1330 2353 Festus
1369 2330 1383 2356 t
1422 2315 1730 2368 quanquam
1764 2305 2006 2371 corrupti
2032 2319 2122 2355 co-

517 2370 667 2421 dices
695 2390 795 2441 pro
824 2370 1012 2424 Asinio
1036 2371 1363 2444 plerumque
1389 2371 1639 2425 Sinnium
1672 2370 1878 2426 habent
1905 2412 1918 2433 ‚
1974 2372 2122 2428 unde

516 2441 773 2512 colligere
800 2443 929 2497 licet
955 2449 1363 2514 grammaticum
1401 2460 1524 2496 eum
1556 2441 1707 2495 fuiffe
1724 2447 1777 2495 &
1803 2444 1950 2517 apud
1963 2445 2121 2498 Taci-

516 2526 631 2566 tum
655 2512 700 2567 F
705 2521 923 2585 ontejus
950 2516 1185 2588 Capito,
1225 2517 1322 2588 qui
1348 2514 1646 2570 Proconsul
1677 2513 1864 2574 Afiam
1894 2534 2117 2573 curave-

2006 2603 2121 2652 rat,
