2226 3164
504 173 569 222 80
816 172 1802 235 DEV1T1SJUR-ISC.

494 259 669 331 pellet
694 260 1117 315 Commentator
1142 297 1158 325 ,
1209 277 1400 319 contra
1438 264 1726 318 Ciceronis
1764 260 2107 333 aliorumque

496 332 674 386 fidem.
716 333 870 387 Idem
890 339 941 388 &
968 334 1103 406 saepe
1129 336 1400 392 consuluit
1426 355 1550 392 cum
1576 335 1747 397 Ofilio
1765 370 1779 398 ,
1802 334 2110 397 Labeone,

238 396 325 485 {Al}
354 407 411 485 ³6}
436 392 475 430 de
497 405 766 460 Cascellio
784 446 796 467 ‚
845 421 939 461 aut
966 408 1156 480 aliquo
1188 427 1256 463 ex
1284 411 1374 464 iis:
1413 446 1433 471 e
1474 416 1525 464 &
1554 410 1802 483 praetoris
1829 406 2108 477 quoddam

243 473 361 544 Ριῷῖι.
379 499 475 541 21.§.
499 479 855 546 interdictum
872 519 883 540 ‚
925 496 988 533 ne
1002 484 1093 534 vis
1095 480 1252 553 fieret
1278 483 1501 537 dominis
1526 500 1623 556 quo
1639 485 1811 535 minus
1827 481 1931 550 sua
1961 479 2111 534 tolle-

246 546 405 632 }ffi'e‘·
502 564 617 606 rent
660 553 823 607 nobis
864 553 1228 610 conservavit.
1286 563 1309 602 f
1345 556 1841 610 Grammaticorum
1895 553 2112 625 regulas

242 611 380 694 {⁷L‘J9,
406 653 477 694 Μ
503 625 790 697 neglexisse
806 626 1056 690 videtur,
1096 646 1222 682 nam
1238 628 1699 701 scripfiffelegitur
1726 645 1924 682 vocem
1950 625 2113 680 sacel-

244 697 469 748 aedammnf.
504 698 538 750 li
569 697 669 750 esse
686 698 958 770 duplicem
977 701 1235 754 &asacro
1265 706 1317 754 &
1343 702 1482 755 cella
1507 701 1831 755 derivatam.
1869 732 1894 771 g
1933 698 2113 751 Deni-

242 749 459 838 fibfgfgcflss,
503 787 611 841 que
631 770 721 825 hic
738 771 917 844 noster
934 778 986 826 &
1001 773 1147 846 apud
1161 773 1462 846 Augustum
1483 776 1541 828 in
1559 773 1761 827 summa
1788 772 1894 826 fuit
1910 774 2110 844 gratia,

242 851 281 941 ἶ
293 849 475 940 &affli-
502 846 666 915 eique
680 846 1059 916 receptionem
1078 846 1464 901 codicillorum
1482 845 1648 901 suafit.
1688 867 1714 904 h

573 916 751 970 Aulus
776 918 1064 984 Cascellius
1092 959 1105 980 ,
1158 939 1291 986 cum,
1321 922 1539 993 aequalis
1579 919 1704 973 eflet
1740 918 2011 974 Trebatio
2061 923 2117 972 δε

504 989 554 1041 Ο
570 989 687 1042 filio
705 992 966 1062 utrosque
982 993 1304 1063 eloquentia
1318 995 1603 1063 superavit.
1642 995 1979 1062 Praeceptore
1993 992 2119 1059 usus

511 1061 586 1114 est
603 1065 840 1133 primum
856 1064 1135 1135 QMutio
1153 1064 1392 1119 Scaevola
1408 1099 1424 1126 ‚
1463 1068 1516 1117 δε
1531 1061 1737 1116 deinde
1751 1061 1986 1133 Volufio
2008 1061 2121 1118 five

507 1131 600 1203 <ut
625 1134 838 1189 Plini-us
871 1153 991 1189 eum
1019 1135 1227 1209 vocat)
1253 1136 1544 1192 Volcatio:
1584 1152 1878 1207 utrumque
1897 1135 2121 1190 testatur

509 1207 875 1279 Pomponius,
920 1227 1086 1281 quem
1115 1210 1192 1263 ita
1222 1228 1346 1263 cum
1372 1207 1678 1264 Bertrando
1707 1207 2118 1262 emendandum

513 1295 782 1351 putamus
822 1281 953 1335 Fuit
969 1283 1136 1336 eodem
1151 1294 1374 1354 tempore
1393 1283 1571 1337 Aulus
1597 1282 1888 1349 Cascellius
1910 1279 2121 1355 Qinti

514 1353 694 1404 Mucii
712 1350 776 1409 ἔγ
798 1353 1034 1407 Volcatii
1048 1358 1283 1408 auditor:
1323 1358 1541 1426 denique
1554 1358 1612 1408 iu
1625 1354 1774 1406 illius
1787 1354 2028 1405 honorem
2044 1351 2121 1408 P.

250 1428 260 1463 i
297 1428 333 1486 L:
350 1439 384 1480 2:
401 1422 439 1459 ἅ(
511 1426 752 1477 Mucium
809 1437 1041 1496 nepotem
1090 1427 1203 1497 ejus
1241 1428 1456 1499 reliquit
1494 1426 1757 1481 haeredem.
1797 1424 1810 1461 ί
1846 1424 2120 1481 Posterius

255 1482 351 1528 ΟΨ·
368 1488 436 1526 '‘⁴''
518 1500 679 1550 etiam
696 1512 849 1570 patet
864 1516 932 1551 ex
949 1499 1055 1553 hoc
1072 1498 1242 1555 Plinii
1269 1501 1412 1554 loco,
1439 1500 1608 1570 Apud
1613 1517 1707 1553 nos
1724 1499 2017 1553 Volcatium
2029 1516 2119 1553 no-

516 1569 695 1633 bilem,
735 1573 826 1643 qui
846 1571 1199 1641 Cascellium(
1216 1573 1310 1628 alii
1325 1574 1515 1645 legunt
1541 1571 1833 1639 Caesellium
1846 1580 1869 1635 )
1866 1572 1972 1643 jus
1982 1574 2121 1626 civi-

517 1643 565 1694 le
593 1643 797 1704 docuit,
837 1645 1099 1709 asturcone
1125 1643 1152 1696 e
1166 1645 1466 1713 suburbano
1495 1646 1784 1698 redeuutem
1809 1661 1923 1697 cum
1934 1644 2120 1713 advest-

254 1723 279 1761 k
307 1720 392 1758 Pltn-
409 1717 463 1756 lib·
508 1711 795 1782 peraviffet
821 1748 837 1774 ‚
896 1716 1046 1765 canis
1083 1714 1117 1765 ιὶ
1156 1713 1538 1786 graffatoribus
1571 1715 1821 1787 defendit.
1861 1713 1888 1752 k
1925 1716 2116 1786 Qare

259 1780 416 1818 ⁸·‘·40·
514 1801 706 1838 eorum
729 1786 1058 1857 opinionem
1091 1787 1321 1856 probare
1351 1806 1465 1839 non
1487 1789 1722 1857 poffum,
1765 1792 1859 1857 qui
1883 1789 1941 1839 in
1960 1789 2117 1843 dicto·

513 1855 706 1929 Pomp:
722 1858 848 1911 loco
874 1856 1359 1931 QMutii'Volusti
1374 1859 1566 1929 legunt
1585 1875 1706 1911 cum
1721 1860 1793 1912 ob
1808 1858 1977 1913 Plinii
1992 1879 2118 1917 auc-

517 1934 796 1983 toritatem
811 1965 826 1992 ,
866 1946 979 1983 tum
996 1931 1124 2001 quia
1138 1933 1326 2002 Pomp:
1340 1933 1398 1985 in
1413 1930 1562 1983 illius
1590 1930 1894 2005 (nimirum
1910 1932 2117 2008 Mucii)
2166 1961 2179 1965 ·

524 2004 798 2056 honorem
826 2017 1088 2074 nepotem
1115 2003 1143 2056 a
1168 2003 1441 2058 Cascellio
1457 2003 1721 2058 haeredem
1737 2006 1992 2079 scriptum
2006 2008 2114 2063 aitz

521 2090 717 2129 notum
735 2078 884 2130 enim
897 2075 971 2130 est
987 2094 1297 2147 pronomen
1312 2077 1403 2131 ille
1428 2076 1496 2131 ad
1522 2078 1672 2149 prius
1697 2080 2001 2135 membrum
2026 2081 2115 2135 so-

519 2149 634 2202 lere
651 2148 854 2203 referri.
896 2150 1152 2221 Denique
1180 2152 1304 2223 quis
1330 2168 1570 2223 unquam
1597 2150 1766 2206 fando
1795 2153 2117 2206 audivitali-

519 2238 684 2292 quem
702 2241 769 2276 ex
787 2223 1090 2276 Mutiorum
1107 2223 1309 2278 familia
1323 2222 1535 2280 Volusii
1564 2241 1877 2295 cognomen
1903 2223 2114 2278 habuis-

520 2294 600 2346 se:
643 2311 765 2347 curn
779 2296 943 2348 etiam
960 2313 1134 2366 nepos
1149 2294 1360 2351 Volufii
1375 2298 1563 2369 potius
1583 2295 1642 2348 P:
1664 2296 1871 2350 Mutius
1885 2331 1901 2358 ,
1944 2312 2111 2370 quam

519 2365 774 2422 Volufius
796 2368 1163 2439 appellaretur
1181 2369 1210 2424 ,Ρ
1262 2373 1373 2423 Cur
1390 2371 1592 2424 Plinius
1607 2368 1917 2424 Volcatium
1933 2374 2114 2424 nomi-

520 2456 657 2492 nans
681 2457 804 2492 eum
831 2440 1075 2493 nobilem
1100 2441 1412 2515 simpliciter
1436 2441 1644 2495 dixiffet
1668 2478 1684 2505 ,
1735 2443 1885 2497 nulla
1910 2442 2115 2497 Mutiae

522 2510 758 2564 Familiae
782 2511 1014 2566 Patritiae
1039 2513 1175 2569 facta
1205 2517 1526 2570 mentione?
1565 2515 1802 2569 Accedit
1815 2514 1967 2588 quod
1981 2514 2113 2568 Cas-

519 2583 740 2638 cellium
754 2584 817 2640 ad
834 2584 1089 2642 summam
1105 2588 1434 2645 [mediatem
1450 2588 1651 2645 venifl'e
1666 2588 1872 2644 constat
1883 2623 1900 2653 ,
1927 2591 2114 2715 itaque

2011 2678 2112 2716 on-
