2226 3164
1170 2 1280 7 Ῐὴᾃᾷ
1306 4 1309 5 ⁷
1338 2 1442 10 ,κ

476 110 1246 175 ‘L113.1.cA1›.v.
1663 150 1725 199 39

138 229 224 271 res
239 230 306 270 eo
330 210 523 267 melius
538 221 781 261 mentem
808 205 951 259 suam
967 209 1214 279 capiant,
1253 226 1432 282 neque
1460 214 1611 282 quod
1648 217 1730 272 ibi

132 286 404 342 deciditur
417 283 526 338 alio
551 279 763 335 versum
787 278 998 332 sumant
1015 314 1032 341 ,
1055 278 1128 332 est
1142 281 1291 333 enim
1328 282 1611 352 illudjuris
1638 291 1727 342 in·

132 360 365 416 dubitati
393 356 672 410 minimam
703 349 834 423 saepe
873 351 1325 407 circumstantiam
1359 354 1724 415 diversitatem

125 431 263 503 juris
277 429 554 494 inducere.
602 424 822 480 Deinde
835 443 956 480 cum
970 426 1149 499 aliqua
1175 440 1308 480 nota
1334 426 1580 482 actoresa
1600 435 1722 493 reis,

130 510 181 559 &
197 501 560 558 Consultores
574 498 639 554 ab
657 499 777 554 aliis
791 499 1038 571 personis
1055 498 1124 553 de
1151 499 1346 571 quibus
1360 500 1416 552 in
1434 501 1724 571 quaestione

168 573 404 647 ropofita
427 572 666 627 occurrit
705 574 944 636 mentio,
984 572 1244 645 distingui
1295 574 1586 627 necefl'ario
1625 575 1723 629 de-

125 595 324 702 fleant:
347 645 485 719 quid
512 644 733 700 interest
777 643 914 700 fictis
956 664 1051 700 eos
1078 646 1472 701 characteribus
1497 665 1562 701 an
1582 650 1726 703 veris

128 719 834 792 defignemusnominibus?
872 719 1016 773 Illud
1053 720 1204 772 certe
1245 737 1312 773 ex
1333 720 1459 773 loco
1487 720 1724 792 allegato

127 794 335 847 constat
349 811 451 846 nos
467 791 780 855 omniafere
809 792 1173 864 posteriorum
1203 792 1724 864 Jurisconsultorum

124 866 620 927 consultaCatoni‚
660 867 753 937 qui
775 882 967 919 eorum
1006 866 1278 919 rationem
1296 867 1502 938 primus
1542 866 1721 920 intro-

123 937 351 993 duxitin
379 939 802 1011 usum‚accepto
819 938 962 993 ferre
977 939 1196 993 debere.
1227 940 1502 1012 Sequitur.

198 1008 798 1065 MPorciusM.F.M.
813 1010 890 1064 N.
909 1011 1042 1066 Cato
1069 1012 1304 1068 Catonis
1319 1013 1615 1084 superioris
1659 1013 1722 1066 fi-

125 1082 230 1138 lius
247 1083 420 1154 major
436 1098 566 1138 natu
581 1123 591 1144 ,
609 1084 706 1156 qui
719 1102 1030 1157 quanquam
1045 1084 1495 1155 deceffitjuvenis
1510 1122 1525 1148 ‚
1551 1086 1728 1157 pluri-

126 1175 214 1210 ma
242 1171 421 1210 tamen
439 1156 633 1229 scripta
647 1158 872 1231 reliquit
897 1157 963 1211 ad
999 1159 1084 1228 jus
1110 1158 1452 1231 pertinentia
1468 1157 1620 1230 quod
1639 1173 1726 1212 te«

124 1229 286 1283 statur
313 1230 402 1282 vel
444 1229 533 1283 hic
558 1230 734 1284 locus:
774 1231 959 1304 Major
973 1231 1194 1286 Catonis
1206 1230 1389 1302 filius,
1420 1234 1512 1303 qui
1529 1243 1724 1302 praetor

126 1301 414 1372 destgnatus
421 1313 574 1372 patre
589 1306 722 1356 vivo
739 1317 970 1358 mortuus
983 1305 1050 1376 est
1067 1308 1298 1377 egregios
1308 1305 1368 1358 de
1386 1303 1549 1372 Juris
1560 1304 1721 1373 disci·
1791 1369 1797 1371 ξ

120 1376 274 1445 plina
311 1373 469 1426 libros
508 1376 738 1444 reliquit.
776 1387 793 1410 1
832 1379 914 1429 De
936 1377 1175 1444 ejusdem
1215 1378 1371 1429 obitu
1401 1378 1547 1428 Cato
1568 1394 1721 1447 pater
1741 1374 1898 1457 lrbssAgel.
1935 1428 1953 1461 3

127 1449 292 1500 etiam
310 1445 1025 1519 ficintroduciturloquenS.
1064 1448 1091 1486 s
1117 1447 1591 1500 Catonemeonemo
1631 1451 1721 1501 vir
1752 1437 1761 1457 ²
1789 1437 1922 1471 ‘¹⁵'‘'¹
1964 1452 1971 1458 ’

122 1521 301 1585 melior
316 1529 473 1570 natus
499 1519 566 1584 est
577 1554 592 1579 ,
632 1535 772 1570 nemo
811 1523 1016 1589 pietate
1018 1520 1380 1590 praestantior,
1421 1518 1616 1593 cujusd
1639 1539 1752 1575 mes
1781 1542 1934 1577 ciaon.

120 1604 301 1661 corpus
314 1594 594 1642 crematum
611 1590 678 1659 cst
695 1629 706 1649 ,
731 1594 1053 1662 quodcontra
1064 1593 1240 1646 decuit
1251 1592 1318 1646 ab
1342 1592 1432 1646 illo
1446 1588 1623 1648 meum.
1664 1597 1716 1650 Is
1740 1590 1833 1640 Maj.

117 1680 425 1735 quanquam
444 1661 666 1715 infirmae
700 1663 829 1718 effet
867 1664 1499 1736 valetudinisegregiam
1529 1682 1712 1729 tamen

113 1736 424 1808 reipublicae
475 1753 695 1807 operam
735 1737 793 1789 in
836 1736 983 1790 bello
1036 1735 1404 1809 Macedonico
1445 1741 1705 1801 navavit,-

119 1810 377 1878 Cumque
397 1806 489 1878 ipfi
507 1812 657 1878 gravi
681 1808 788 1862 ictu
813 1809 877 1862 ab
896 1809 1045 1863 hoste
1062 1809 1303 1881 percusso
1330 1810 1539 1883 gladius
1558 1812 1587 1865 ὲ
1603 1830 1710 1866 ma-
1922 1845 1958 1879 q,

118 1899 190 1936 nu
231 1880 425 1933 sudore
476 1879 729 1933 madente
765 1882 1071 1945 excidisset,
1112 1899 1423 1941 convocato
1441 1886 1712 1940 sociorum

120 1955 291 2028 globo
315 1955 370 2005 in
401 1951 578 2006 hostes
602 1953 830 2024 irrupit,
857 1968 1020 2024 atque
1058 1954 1255 2028 infigni
1294 1957 1710 2012 virtute-ensem

114 2028 352 2080 amissum
379 2026 736 2097 recuperavit.
812 2025 985 2097 Qod
1023 2028 1139 2098 ejus
1176 2028 1375 2083 fastum
1414 2028 1709 2085 admiratus

99 2099 317 2154 ,Paulus
339 2098 603 2154 .AEmilius
653 2097 836 2171 (cujus
874 2115 989 2154 tum
1040 2100 1290 2172 auspiciis
1337 2102 1711 2174 pugnabatur)

115 2173 306 2226 Filiam
322 2175 372 2225 ei
401 2171 544 2224 suam
556 2170 803 2225 Tertiam
820 2173 1093 2246 Scipionis
1111 2173 1347 2243 Junioris
1371 2174 1611 2229 sororem
1644 2177 1704 2229 in

115 2247 525 2300 matrimonium
542 2240 853 2300 collocavit.
894 2259 906 2285 t
947 2247 1030 2300 Ex
1070 2264 1177 2319 qua
1197 2249 1507 2319 procreavit
1533 2247 1702 2302 filium
1724 2296 1737 2322 t
1765 2288 1921 2326 plum-nh

119 2319 383 2372 cuietiam
403 2336 606 2371 nomen
627 2318 817 2372 Marco
834 2319 962 2382 fuit3
977 2321 1020 2375 is
1033 2319 1227 2374 multas
1242 2324 1519 2376 orationes
1533 2322 1600 2375 ad
1617 2340 1705 2376 ex·
1726 2340 1836 2376 invita
1861 2317 1960 2377 cat}-

121 2391 360 2461 emplum
376 2392 465 2444 avi
482 2393 698 2464 scriptas
723 2394 948 2466 reliquit
965 2434 976 2455 ‚
1006 2400 1055 2450 &
1073 2393 1284 2449 Consul
1325 2412 1446 2449 cum
1472 2394 1708 2469 QMar-
1725 2389 1786 2427 nis·

116 2461 198 2516 tio
213 2463 384 2535 Rege
409 2463 577 2520 faetus
593 2472 733 2519 circa
772 2483 969 2520 annum
986 2475 1045 2538 63
1060 2483 1104 2539 5.
1131 2472 1184 2520 in
1213 2468 1527 2539 Magistratu
1546 2469 1703 2523 obiit.

118 2532 300 2607 Hujus
316 2537 550 2594 Catonis
566 2541 660 2612 qui
675 2540 931 2610 Censorii
954 2539 1091 2597 filius
1106 2540 1214 2597 fuit
1237 2543 1524 2615 aliquoties
1544 2542 1699 2666 indu-

107 2640 111 2643 ·
1446 2632 1592 2668 reno
1643 2632 1702 2668 ro
