2226 3164
550 142 738 186 LIR.
809 140 875 183 Π.
947 139 1141 182 CAP,
1632 162 1718 202 17

131 229 472 303 Digestorum
493 223 1095 299 aPompo'nioJuniorc
1128 225 1388 279 saelorum
1420 231 1637 300 usquam
1665 234 1720 287 in

129 301 415 357 Pandeffis
444 301 534 355 fiat
551 301 760 353 mentio
778 334 791 360 ,
819 314 923 368 ego
944 314 1040 348 eos
1065 297 1236 349 libros
1263 299 1512 353 Aristoni
1540 308 1725 373 potius

128 375 521 444 adjudicandos
536 371 745 427 censeo'.

204 448 275 501 P.
294 447 594 516 Juventius
613 444 817 511 Celsus,
835 444 1006 497 Filius
1023 443 1165 496 Celfi
1179 443 1553 514 Jurisconsulti
1572 447 1723 519 supra

125 520 328 572 anobis
380 518 668 571 memorati
716 516 1069 570 Proculianus
1110 523 1162 569 &
1195 517 1304 587 1pse
1324 533 1551 588 propter
1568 538 1722 590 egre-

121 593 268 662 giam
293 591 425 659 juris
450 591 699 660 peritiam
718 590 862 642 inter
880 592 1147 661 primores
1163 590 1633 643 censerimeretur.
1672 595 1723 646 Is

122 663 332 718 Consul
350 662 479 715 teste
496 662 839 732 Pomponio,
880 675 920 699 11¹
961 664 1038 714 bis
1066 662 1186 715 fuit.
1254 664 1325 715 Et
1354 666 1588 733 primum
1604 670 1716 735 qui·
1743 696 1779 719 m
1809 687 1888 722 D.l.
1907 701 1939 726 2„

121 736 247 790 dem
263 736 378 805 ejus
392 734 751 789 Consulatum
781 735 849 789 ad.
866 753 1069 789 annum
1084 735 1312 805 Trajani
1334 736 1723 791 duodecimum
1741 733 1939 786 deorz'gjur,

123 828 246 862 cum
263 810 604 880 Culpiniano
622 808 861 862 libenter
878 807 1137 862 referrem
1153 844 1167 869 ,
1194 807 1286 860 nifi
1303 809 1537 862 obstaret
1563 812 1720 864 tabu-

121 882 171 935 la
187 883 559 954 Maphaeorum
584 881 650 934 ab
678 881 979 954 Onuphrio
1020 881 1229 953 prolata
1248 916 1262 942 ‚
1287 882 1452 935 alium
1491 883 1714 937 Celsum

51 971 53 974 ⁴
117 958 444 1026 agnoscenS,
474 955 600 1007 dum
628 956 704 1008 ita
721 955 898 1008 habet.
940 954 1009 1006 L.
1032 954 1282 1005 Publicio
1308 955 1455 1022 Celso
1477 953 1563 1006 II.
1588 956 1710 1009 Clo-

116 1027 201 1080 dio
219 1026 441 1094 Cuspino
457 1026 585 1094 Coff
600 1043 767 1096 quare
783 1026 1041 1079 autlocus
1069 1025 1164 1078 iste
1180 1028 1473 1080 mendosus
1498 1029 1598 1081 effe
1624 1030 1711 1083 di-

118 1098 439 1155 cendusest‚
467 1114 559 1152 aut
583 1097 921 1170 affignandus
962 1099 1130 1152 Celso
1153 1099 1335 1152 nostro
1363 1102 1493 1153 alius
1520 1104 1713 1156 consu-

117 1172 257 1224 latus
286 1170 547 1226 suffeffuS.
622 1170 811 1226 Postea
839 1171 931 1225 lub
972 1170 1261 1225 Hadriano
1287 1173 1486 1226 iterum
1527 1177 1718 1230 consul

114 1243 249 1306 fuit,
307 1262 453 1297 anno
483 1244 712 1315 Imperii
737 1244 855 1315 ejus
884 1263 1038 1298 nono
1064 1281 1078 1305 ‚
1146 1251 1198 1298 ὃ(
1227 1246 1494 1317 collegam
1525 1248 1712 1303 habuit

114 1315 385 1392 Qintum
398 1317 518 1384 five
546 1318 773 1372 Lucium
796 1317 1013 1387 Julium
1038 1317 1289 1376 Balbum,
1321 1336 1381 1372 ut
1395 1320 1603 1373 constet
1642 1340 1711 1375 ex

113 1391 338 1461 antiqua
353 1389 706 1462 inscriptione
727 1390 872 1461 apud
889 1390 1248 1443 Bertrandum
1266 1392 1432 1443 relata
1446 1428 1459 1452 ,
1476 1398 1528 1443 ὃς
1542 1411 1607 1445 ex
1623 1395 1710 1447 Se-

113 1479 267 1516 natus
283 1461 556 1515 Consulto
580 1463 689 1515 istis
731 1463 1072 1533 temporibus
1102 1461 1256 1515 facto.
1302 1474 1325 1497 Π
1368 1463 1520 1516 Idem
1538 1484 1708 1519 annus
1729 1473 1750 1496 ¹¹
1779 1464 1897 1546 {2⁰7
1924 1470 1956 1510 ς’

111 1537 278 1606 etiam
293 1534 431 1587 duos
456 1536 594 1587 alios
623 1535 866 1587 suffecstos
891 1536 1139 1588 consules
1174 1535 1391 1596 habuit,
1420 1536 1708 1591 Neratium
1727 1520 1915 1600 gssrfffzff'et‘t‘

115 1605 429 1659 Marcellum
474 1612 525 1658 &
543 1606 768 1658 Galbam
807 1622 868 1659 ut
894 1626 958 1660 ex
975 1607 1117 1660 dista
1144 1608 1501 1678 inscriptione
1531 1626 1709 1680 patet:

108 1680 207 1751 qui
231 1679 377 1733 forte
391 1678 456 1731 ab
486 1682 698 1732 incerto
715 1679 962 1741 austere,
988 1681 1016 1732 a
1035 1680 1378 1749 Cuspiniano
1395 1682 1585 1743 relate,
1607 1703 1709 1735 no-

111 1755 389 1804 minantur
419 1751 738 1814 Marcellius
764 1752 844 1805 II.
885 1757 937 1805 &
986 1751 1370 1804 Marcellinus:
1413 1753 1618 1806 Extant
1657 1761 1709 1808 ὃς

111 1823 224 1877 duo
251 1823 352 1876 alia
380 1822 1028 1892 consulum(utvidetur)
1047 1826 1164 1890 ejus
1189 1829 1315 1875 anni
1334 1827 1588 1887 nomina,
1617 1827 1707 1879 Ti-

111 1908 198 1950 tus
221 1892 498 1962 Aufidius,
547 1894 722 1946 Oemts
736 1892 1080 1946 Severianus:
1111 1895 1169 1947 in
1187 1896 1512 1964 supracitato
1540 1900 1705 1951 Sena-

110 1985 193 2024 tus
210 1967 501 2020 Consulto
542 2003 566 2026 0
606 1966 687 2018 Ex
717 1966 802 2019 his
818 1980 925 2018 tam
955 1969 1120 2021 variis
1152 1969 1446 2023 multorum
1464 1971 1702 2024 consula·
1724 1998 1747 2022 ο
1776 1990 1823 2024 D.
1847 1988 1868 2026 ι.
1894 2004 1955 2028 20.

107 2045 280 2101 tibus,
308 2042 571 2112 magnain
590 2039 802 2093 historia
826 2039 1081 2094 Romana
1116 2039 1701 2114 posteriorumtempo-
1723 2041 1805 2080 Μ·

108 2132 226 2169 rum
241 2113 430 2167 aborta
453 2113 526 2166 est
553 2113 729 2184 caligo
760 2119 808 2166 &
839 2111 1084 2166 confusio
1104 2148 1119 2174 ‚
1144 2112 1273 2165 dum
1291 2113 1704 2187 unusidemque
1779 2151 1784 2157 -

108 2204 281 2241 annus
308 2185 476 2238 modo
504 2186 569 2239 ab
587 2187 878 2239 ordinariis
903 2186 1211 2239 consulibus
1230 2225 1243 2246 ,
1272 2187 1440 2239 modo
1467 2188 1494 2240 a
1520 2189 1702 2242 suffec-

107 2262 208 2322 τίς,
233 2258 401 2313 modo
427 2259 490 2311 ab
508 2259 786 2312 ordinario
814 2277 925 2312 uno
953 2258 1239 2312 &suffesto
1267 2261 1439 2312 altero
1455 2260 1697 2332 defigna-

108 2348 235 2385 tur:
285 2331 352 2384 fic
392 2332 518 2385 alibi
552 2344 574 2380 P
613 2332 991 2386 Diocletianus
1041 2338 1093 2386 δε
1144 2333 1570 2386 Maximinianus
1608 2335 1738 2392 Sctip
1765 2346 1910 2392 Lm:

107 2404 380 2472 cujusdam
417 2404 580 2459 Celso
635 2411 829 2459 iterum
869 2410 921 2458 ὃς
963 2405 1233 2459 Marcello
1271 2406 1510 2460 Neratio
1551 2395 1950 2460 (ΣΟΠΥΛΕῙΜ-ΜΡΒ

1715 2458 1780 2482 ma.

107 2477 263 2538 fasti,
290 2491 605 2549 cumtamen
626 2479 921 2532 Marcellus
937 2497 1048 2533 non
1067 2478 1374 2533 ordinarius
1401 2479 1489 2532 sed
1517 2479 1694 2533 substi-

107 2564 254 2605 tutus
292 2548 458 2604 fuerit
498 2552 699 2606 consul.
778 2551 938 2607 Putat
978 2552 1308 2607 Bertrandus
1340 2552 1494 2623 hujus
1525 2554 1691 2605 nostri

1001 2625 1126 2703 Q3
1549 2625 1699 2681 Celsi
