2226 3164
1028 43 1059 50 a-

545 129 1261 180 LIB.I.CAP.XI.
1679 154 1696 183 1

115 202 360 263 Gellius,
398 204 548 269 cujus
562 197 808 252 meminit
825 192 1026 246 Cicero
1052 192 1136 244 his
1167 194 1372 248 verbis:
1413 194 1482 247 L.
1502 152 1702 254 Gellizs

117 286 353 329 non-tam
377 270 660 328 vendibilis
685 277 857 321 orator
883 282 1038 337 quam
1053 274 1111 317 ut
1124 269 1344 328 nescires
1357 267 1487 338 quid
1498 273 1544 320 ei
1561 272 1699 337 dees-

106 350 219 415 set,
259 366 346 401 nec
360 349 496 401 enim
525 355 639 398 erat
662 338 900 394 indoffus
917 374 933 400 ,
972 355 1064 390 nec
1090 338 1272 390 tardus
1310 340 1383 391 ad
1403 344 1702 412 excogitan-

112 422 249 484 dum,
264 439 355 474 nec
371 421 723 475 Romanarum
736 431 904 466 rerum
917 414 1192 465 immemor.
1225 430 1248 468 b
1273 412 1412 464 Nam
1438 429 1498 466 ut
1514 416 1702 469 demus
1728 453 1750 489 b
1778 460 1833 493 CV
1857 463 1887 496 in

113 494 447 549 Ciceronem
463 493 576 546 illic
590 490 698 543 loci
714 488 782 540 de
801 485 990 541 Gellio
1006 483 1291 538 Publicola
1305 503 1458 555 agere
1474 522 1490 547 ‚
1515 486 1547 558 ζ
1549 488 1701 558 quod
1725 487 1845 547 Bruto?

111 581 418 632 cognomen
435 562 748 616 tamenillic
762 579 876 614 non
895 554 1208 631 reperitur)
1247 572 1395 612 certe
1422 577 1521 612 nec
1550 560 1701 616 locus

100 634 200 689 'ille
214 635 446 695 evincit,
491 653 613 689 eum
632 632 1077 704 Iurisconsultum
1094 630 1272 685 fuisse:
1327 629 1573 703 denique
1599 638 1649 686 ὃς
1664 634 1702 689 fi

96 707 519 780 Jurisconsultus
534 707 729 768 fuiss'et,
767 721 828 760 ut
845 722 1024 761 tamen
1040 706 1086 758 is
1099 704 1316 772 auditor
1330 704 1502 759 Servii
1520 710 1573 759 &
1587 705 1699 761 Va-

103 781 155 836 ri
189 781 534 854 aliorumque
575 785 667 852 qui
717 779 811 834 sub
868 778 1109 853 Au‘gusto
1150 778 1455 834 floruerunt
1493 798 1702 839 coaevus

97 852 273 914 fuerit
308 869 615 926 temporum
653 858 793 909 ratio
833 868 961 908 non*
1002 853 1292 925 permittit.
1346 852 1699 927 Subjungitur

101 927 251 987 enim
279 928 309 980 ὲ
341 927 634 984 Cicerone.
690 927 750 982 L.
785 927 971 982 Craffo
1001 926 1080 979 M.
1107 927 1362 979 Antonio
1388 930 1441 978 &
1467 928 1698 1001 reliquis

99 1002 303 1071 prioris
332 1005 429 1052 aevi
454 1001 794 1061 oratoribuS,
832 996 985 1069 quod
1011 998 1047 1052 fi
1073 998 1149 1052 ita
1175 997 1277 1060 est,
1314 1016 1430 1052 non
1456 1007 1641 1070 potuit
1661 1004 1693 1057 ὲ

97 1074 295 1131 Servio
309 1070 575 1144 proficere
594 1072 687 1126 iste
711 1072 929 1125 Gellius
942 1072 1040 1143 qui
1064 1072 1280 1142 aliquot
1303 1088 1441 1125 ante.
1457 1073 1690 1129 Cicero-

90 1145 178 1197 nis
203 1144 541 1198 consulatum
555 1146 713 1200 annis
738 1151 791 1213 ὃς
815 1144 1025 1198 Consul
1051 1150 1102 1197 δε
1130 1145 1345 1197 Censor
1363 1144 1496 1207 fuit,
1535 1160 1597 1200 ut
1620 1165 1691 1203 ex

87 1214 233 1270 fastis
247 1215 440 1271 videre
456 1218 544 1271 est.
584 1219 710 1272 Fuit
733 1219 930 1285 &alius
944 1216 1162 1289 quidam
1176 1219 1231 1270 L.
1246 1216 1535 1272 Publicola
1549 1219 1690 1272 Gel-

87 1288 194 1342 lius
218 1307 340 1342 cum
370 1287 560 1351 Nerva
589 1310 736 1344 anno
761 1292 906 1345 urbis
937 1307 1059 1361 717.
1101 1292 1308 1344 Consul
1339 1292 1581 1362 Augusto
1597 1309 1685 1346 re·-

90 1377 210 1431 rum
227 1361 481 1431 potiente
496 1362 622 1427 :ffsed
638 1362 1245 1431 hunc-Jurvisconsultum
1261 1379 1428 1414 nemo
1443 1381 1685 1434 unquam

88 1432 263 1495 dixit,
304 1450 485 1505 neque
499 1432 615 1503 ejus
630 1469 643 1494 ‚
658 1449 719 1487 ut
735 1433 1152 1506 longeJunioris
1167 1435 1224 1486 in
1242 1436 1518 1506 praecitato
1533 1438 1681 1501 loce,

87 1507 287 1561 Cicero
311 1507 654 1560 mentionem
687 1506 865 1560 facere
902 1509 1094 1576 potuit.
1148 1511 1298 1561 Errat
1341 1514 1392 1562 &
1432 1508 1682 1565 Rutilius

28 1599 31 1602 ’
85 1580 184 1648 qui
223 1579 477 1651 vulgatos
514 1579 698 1631 nescio
738 1596 879 1650 quos
916 1578 1130 1647 codices
1165 1579 1380 1635 secutus
1420 1582 1677 1638 Publium

83 1650 353 1704 Caecilium
379 1651 488 1704 hoc
513 1651 640 1703 loco
670 1650 969 1704 obtrudere
1006 1652 1168 1703 nobis
1205 1668 1435 1711 conatur
1457 1689 1474 1714 ,
1513 1675 1681 1725 quem

81 1740 364 1794 nunquam
380 1727 434 1776 in
450 1739 630 1790 rerum
645 1738 834 1778 natura
847 1722 996 1776 fuiffe
1010 1722 1307 1776 contendo.
1352 1724 1572 1780 Citatur
1585 1729 1681 1783 ali-

83 1796 306 1866 quoties
319 1794 519 1863 inJure
535 1795 786 1847 Caecilius'
805 1796 871 1847 ab
889 1795 1110 1864 Agellio
1127 1796 1432 1857 celebratus
1451 1820 1468 1852 .·
1507 1817 1602 1855 aut
1638 1803 1677 1860 fi

82 1867 191 1921 hoc
205 1866 374 1938 recipi
389 1866 566 1937 aliqua
581 1879 733 1919 vetat
748 1869 884 1919 ratio
903 1901 919 1927 ,
959 1864 1251 1922 dicendum
1264 1868 1431 1927 estibi
1454 1873 1524 1928 de
1550 1876 1673 1930 Cae-

83 1941 158 1994 lio
175 1939 375 1994 Sabino
391 1935 490 1992 effe
508 1938 827 1992 sermonem.
865 1939 954 1992 Sic
968 1941 1022 1990 in
1040 1940 1206 1994 titulo
1220 1942 1289 1996 ad
1315 1943 1549 2000 edietum
1574 1968 1670 2002 cu-

86 2013 315 2075 rulium,
358 2029 459 2086 pro
475 2029 613 2065 voce
629 2011 874 2065 Caecilius
888 2010 1315 2071 substituendum
1331 2018 1406 2071 est
1430 2019 1628 2074 Caelius
1650 2058 1670 2083 c
1695 2029 1788 2069 cz.
1806 2044 1860 2080 14.
1874 2040 1909 2081 §-

85 2087 495 2156 utintelligatur
511 2085 739 2139 Sabinus
753 2103 915 2156 quem
934 2086 1178 2157 Agellius
1194 2088 1389 2144 librum
1404 2091 1474 2146 de
1503 2094 1666 2149 Edic-
1688 2081 1876 2131 findeaedil.

84 2171 145 2211 to
159 2158 397 2212 aedilium
411 2156 655 2229 scripsisse
671 2172 850 2211 narrat
888 2154 911 2191 d
950 2158 1040 2211 sed
1055 2158 1100 2212 is
1116 2177 1240 2214 eum
1270 2164 1538 2219 Caecilium
1567 2168 1666 2222 Sa·
1694 2135 1930 2239 gdbqgemib.

83 2229 257 2283 binum
283 2231 537 2304 appellat.
593 2230 763 2285 Unde
791 2249 903 2284 non
943 2231 1220 2287 immerito
1259 2238 1506 2310 suspicari
1548 2244 1671 2313 quis
1694 2251 1773 2287 4⁶·
1790 2252 1824 2277 ²·

86 2302 257 2374 posset
271 2322 472 2358 nomen
490 2303 691 2357 Caecilii
709 2311 757 2360 δε
783 2304 941 2358 Caelii
966 2323 1134 2359 unum
1159 2308 1417 2382 idemque
1442 2315 1566 2378 esse,
1608 2337 1669 2372 ac

86 2375 390 2447 promiscue
404 2377 676 2449 usurpari:
713 2383 765 2431 ὃς
778 2392 1096 2448 argumento
1110 2380 1182 2434 est
1196 2385 1348 2454 quod
1362 2387 1454 2440 sub
1470 2390 1670 2444 eodem

14 2474 25 2479 -
49 2503 52 2505 ,
83 2448 279 2510 titu10,
317 2449 570 2504 imo&in
590 2451 787 2505 eodem
815 2452 1051 2523 Ulpiani
1079 2454 1235 2518 lom,
1275 2476 1480 2515 nomen
1509 2463 1665 2518 Caelii
1694 2484 1713 2508 e
1740 2473 1892 2519 L·14·l·

84 2525 337 2579 occurrit.
372 2531 392 2555 ‘²-
430 2525 573 2579 Cum
586 2525 797 2580 accedit
813 2525 963 2598 quod
979 2526 1280 2585 senatorem
1294 2550 1460 2606 quem
1487 2540 1659 2608 Agel-
1685 2521 1896 2611 ἑΞᾸΜΜ·

912 2599 977 2653 Μ
1018 2618 1045 2653 2
1467 2612 1669 2666 riscon-
1695 2622 1713 2624 “
