2226 3164
485 174 559 222 24
799 158 918 204 DE
984 130 1775 220 VITISJURISCJ

314 292 321 302 ,
432 293 437 301 ,
488 249 641 300 rent,
667 253 783 291 cum
797 237 1104 311 Collegain
1123 252 1392 290 carcerem
1409 234 1683 306 conjmstus
1705 234 1826 287 fuit.
1844 259 1867 296 b
1906 234 2078 306 Qod

223 290 465 390 ξἀῗξνῇῃζῗζζ
489 329 611 366 cum
650 311 680 363 a
707 311 774 363 C.
815 311 1045 364 Curatio
1074 307 1298 362 tribuno
1324 308 1499 380 plebis
1525 307 1719 361 fastum
1751 306 1840 368 fit,
1879 310 2077 364 eodem
2111 344 2113 347 -

229 390 455 441 &fidelem-
489 384 653 437 etiam
668 383 856 437 referri
872 384 1066 444 debet,
1097 382 1249 452 quod
1275 380 1465 435 Nafica
1503 380 1570 434 de
1600 379 1877 433 frumento
1892 398 2078 435 emcn-

486 455 561 508 do
577 456 830 509 differens
845 456 1181 526 obstrepenti
1202 454 1352 526 plebi
1378 453 1692 525 respondit:
1733 464 1901 506 tacete
1913 455 2080 525 quaeso

485 527 739 602 Qirites
756 567 768 583 ,
790 528 909 596 plus
924 530 1058 581 enim
1074 544 1162 597 ego
1179 544 1331 598 quam
1346 543 1442 578 vos
1456 528 1583 596 quia‘
1604 525 1896 596 reipublicae
1922 540 2078 596 expe-

226 611 251 660 e*
277 601 464 637 ½1.Max.
484 601 603 654 diat
621 599 870 673 intelligo,
912 611 930 636 ⁰
973 598 1187 652 Hicille
1206 592 1306 659 est,
1334 600 1428 669 qui
1452 598 1742 651 Tiberium
1771 598 2080 652 Gracchum

227 650 285 688 Μ’
306 664 429 701 ⁵“'⁷'
486 674 543 727 in
563 673 851 745 Capito'lio
867 675 1112 743 privatus
1139 688 1260 723 curn
1278 670 1725 731 effetinteremit,
1754 687 1918 745 atque
1961 689 2080 726 eam

489 745 561 798 ob
585 764 697 798 rem
714 743 972 797 Pontifex
992 744 1264 797 Maximus
1279 743 1465 796 absens
1483 742 1647 794 fastus
1663 742 1751 803 est,
1767 760 1883 813 quae
1897 745 2082 798 omnia

229 828 253 866 ἁ
283 816 429 887 'wo-pa-
489 820 677 871 exhoc
704 818 827 887 loco
856 817 1139 869 discimus:
1179 815 1202 852 d
1242 815 1373 868 Tum
1413 814 1585 883 Scipio
1627 813 1824 878 Nasica
1851 815 1963 886 ejus
1988 818 2086 886 qui

226 877 374 916 ²⁶⁷⁶·ld'·
394 892 428 916 ²·
491 891 737 960 Optimus
764 892 853 941 vir
879 887 910 941 a
938 887 1133 941 Senatu
1144 887 1422 959 judicatus
1446 899 1560 940 erat
1582 923 1596 948 ,
1621 901 1797 957 nepos,
1837 889 1948 958 cjns
1987 890 2082 958 qui

487 958 677 1027 Censor
682 965 921 1032 porticus
945 964 1002 1014 in
1018 962 1280 1031 Capitolio
1292 961 1503 1029 fecerat
1521 959 1714 1028 ,filius,
1727 973 1975 1030 pronepos
1987 978 2080 1014 ait-

486 1045 588 1086 tem
604 1034 697 1086 Cn.
715 1032 973 1105 Scipionis
993 1033 1308 1086 celeberrimi
1326 1035 1467 1091 viri,
1498 1032 1570 1086 P.
1601 1032 1860 1103 Africani
1864 1042 2079 1102 patrue-

485 1106 556 1159 lis
576 1106 931 1178 privatusque
971 1104 1035 1164 &J
1074 1116 1285 1177 togatus
1313 1122 1426 1158 carn
1452 1101 1599 1174 efflat,
1624 1103 1953 1171 consobrinus
1992 1101 2077 1158 Ti.

489 1178 720 1230 Gracchi
748 1180 980 1231 Patriam
995 1180 1294 1248 cognationi
1307 1176 1593 1248 praeferens
1611 1216 1622 1237 ‚
1655 1174 2081 1248 &quicquidpu-

485 1250 860 1318 blicesalutare
881 1268 980 1311 non
1008 1251 1126 1320 effet
1133 1253 1398 1320 privatim
1421 1250 1647 1303 alienum
1661 1250 1990 1315 existimans,
2022 1249 2081 1303 ob

486 1340 574 1374 eas
605 1325 838 1375 virtutes
872 1327 1073 1395 primns
1099 1324 1321 1375 omnium
1346 1321 1529 1392 abstns
1569 1320 1873 1375 poniMax
1887 1320 2085 1392 fabius?

488 1394 569 1462 est.
612 1394 733 1446 Nifi
759 1396 835 1447 ita
863 1395 1151 1447 emendare
1190 1395 1455 1446 malumus
1494 1394 1692 1465 (quiP.
1716 1393 1959 1447 Africani
1983 1412 2080 1465 „pa-

488 1465 640 1518 truus
656 1462 796 1536 fuit)
827 1465 931 1518 baec
959 1465 1127 1518 verba
1155 1480 1222 1517 ex
1247 1464 1401 1518 scioli
1423 1466 1650 1536 alicujus
1665 1464 1976 1536 glossemate
2019 1468 2078 1521 in

487 1551 696 1591 textum
736 1538 1081 1610 irrepserunt.
1160 1537 1482 1607 Legendum
1523 1552 1702 1590 autem
1722 1542 1776 1589 in
1823 1539 1924 1590 illo
1952 1539 2079 1594 loco

486 1628 599 1663 non
620 1624 680 1663 ut
705 1624 891 1664 antea:
918 1621 966 1662 P.
985 1608 1242 1680 Africani
1259 1619 1482 1662 Patruus
1507 1609 1678 1663 :nullo
1708 1609 1871 1680 plane
1902 1609 2082 1674 sensu,

486 1682 578 1736 sed
620 1697 678 1735 ut
705 1700 805 1734 nos
844 1682 1157 1752 scripsimus:
1195 1692 1244 1734 Ρ.
1276 1681 1535 1751 Africani
1562 1682 1846 1743 patruelis,
1886 1700 2081 1738 omnes

487 1758 630 1806 enim
648 1757 819 1823 quiex
837 1767 1032 1825 patruo
1052 1771 1150 1825 per
1164 1753 1504 1807 masculinam
1532 1755 1729 1807 lineam
1743 1753 2081 1810 descendunt

489 1823 676 1878 a'Vell.
695 1825 964 1896 patrueles
980 1841 1249 1880 vocantur
1264 1861 1278 1887 ,
1319 1826 1553 1896 quorum
1570 1844 1704 1879 vero
1729 1831 2080 1898 agnationem

489 1896 696 1950 faemIna
712 1902 1084 1970 interrumpit,
1125 1902 1156 1950 ii
1174 1897 1485 1951 consobrini
1503 1898 1569 1951 ab
1585 1897 1782 1951 eodem
1800 1900 2082 1971 appellan-

491 1983 611 2029 tur,·
629 1973 700 2024 ita
715 1975 859 2024 enim
876 1972 962 2025 hic
977 1973 1158 2043 Scipio
1187 1970 1310 2023 Tib.
1326 1968 1558 2024 Gracchi
1577 1970 1932 2026 consobrinus
1945 1972 2080 2026 dici-

489 2055 791 2096 turcontra
806 2043 1321 2115 Jurisconsultorum
1347 2042 1650 2097 nostrorum
1682 2045 1920 2116 regulas:
1955 2064 2079 2099 cum

231 2153 253 2178 ᾖ
280 2142 312 2178 1„
325 2145 437 2179 mu,
481 2114 822 2169 ,eumostavo
837 2116 1001 2187 gradu
1018 2119 1362 2189 cognationis
1392 2120 1693 2188 contigerit.
1773 2117 1854 2172 De
1881 2117 2081 2172 eodem

486 2188 784 2259 Serapione
799 2189 1012 2244 Cicero,
1052 2211 1071 2235 e
1108 2199 1159 2243 P.
1174 2187 1277 2241 Ille
1292 2186 1465 2259 Scipio
1487 2188 1950 2260 quoduceprivato
1964 2189 2082 2245 Tib.

491 2258 763 2312 Gracchus
787 2262 1081 2332 occiszisest,
1109 2280 1218 2315 cuin
1231 2263 1460 2315 omnibus
1475 2260 1621 2314 rebus
1635 2260 1937 2322 vehemens,
1965 2272 2079 2316 tum

488 2333 628 2383 acris
641 2334 697 2384 in
711 2333 921 2386 dicendo
920 2333 1046 2404 fait
1059 2369 1075 2395 ,
1093 2340 1140 2388 ὅ(
1159 2334 1340 2406 postea
1355 2333 1568 2387 stemma
1584 2334 1963 2406 Scipionis,qui
1980 2334 2079 2390 suo

490 2416 740 2474 tempore
758 2405 1006 2469 vivebat,
1044 2422 1503 2468 commemoranS,
1543 2424 1809 2478 proavum
1830 2412 1944 2474 ejus
1971 2425 2076 2461 no-

488 2479 657 2530 minat
683 2486 736 2530 P.
767 2476 1081 2550 Scipionem,
1114 2483 1206 2551 qui
1244 2498 1312 2533 ex
1335 2478 1603 2532 dominatu
1629 2478 1829 2532 Tiberii
1855 2478 2080 2532 Gracchi

480 2551 735 2619 privatus
754 2551 810 2604 in
824 2548 1120 2627 libcrtatem
1148 2566 1297 2624 remp.
1316 2551 1626 2627 vindicavit
1641 2591 1655 2616 ‚
1682 2551 1872 2625 addens
1884 2550 2078 2679 illibaest‘re

1909 2639 1942 2676 a
1976 2639 2076 2677 avi
