2226 3164
588 120 1349 167 LIB.1.CA10.X...
1678 140 1736 188 75

149 211 297 267 aliud
325 211 545 267 verbum·
573 208 909 280 superiorem
937 205 1264 260 sententiam
1294 208 1540 272 claudat,
1579 231 1740 284 quam

150 304 253 339 nos
271 285 577 358 supplemus
592 278 850 335 addendo
866 297 1061 332 vocem
1077 280 1336 349 potuisset
1359 320 1369 336 ,
1414 296 1472 334 ut
1492 282 1665 338 sensus
1680 287 1741 341 sit

153 357 744 432 eumprimumlocum,
783 368 1035 405 autcerte
1053 350 1735 411 seculndumfivoluisl'etin

148 435 391 486 oratoria
420 431 674 485 facultate
698 426 954 480 obtinere
981 424 1224 498 potuisse,
1246 424 1354 479 Sed
1372 426 1479 479 haec
1504 427 1740 482 adducto

147 505 450 558 Ciceronis
476 502 790 554 testimonio
819 536 834 561 ,
886 498 1040 572 quod
1071 498 1261 571 procul
1292 497 1460 550 dubio
1504 500 1740 570 respexit

140 579 330 646 Pomp:
358 574 730 627 verisimiliora
767 572 903 626 fient
934 599 958 633 3
996 574 1042 626 is
1071 577 1139 625 ita
1167 571 1265 624 hac
1291 569 1361 623 de
1391 589 1447 624 re
1477 571 1734 643 loquitur.

139 645 270 701 Non
298 649 432 699 enim
444 645 619 715 facile
646 663 793 718 quem
818 646 1045 699 dixerim
1071 647 1188 716 plus
1207 643 1368 710 studii
1395 661 1548 716 quam
1562 645 1741 708 tllum,

114 730 116 732 ’
139 718 204 778 &⁴
223 721 297 773 ad
316 720 612 780 dicendum,
656 722 714 778 (ξδ’
729 719 977 772 adomnes
990 718 1235 771 bonarum
1250 735 1416 770 rerum
1429 717 1738 788 dtsciplinas

132 792 423 862 adhzbuz‘sse
447 830 462 855 ,
502 811 620 846 nam
649 790 712 850 ὠ
739 796 795 845 in
823 793 1005 861 iisdem
1030 791 1501 844 exercitationibus
1526 794 1738 845 ineunte

138 866 547 937 aetatefuimus,
589 864 652 924 ἄν
669 866 844 936 postea
874 866 1116 918 Rhodum
1143 882 1245 917 una
1260 862 1349 916 ille
1364 865 1736 935 etiamprofec-

132 939 326 1004 tmesi,
367 957 459 1011 qao
474 940 654 992 melior
667 937 786 1007 effet
804 937 866 998 ὠ
892 939 1116 1000 dechor,
1151 935 1222 995 ⁷&
1240 941 1356 990 inde
1370 950 1429 989 ut
1444 939 1731 1001 rediit,-vi-

127 1011 281 1065 detur
318 1012 454 1064 maloi
490 1016 547 1063 in
586 1012 808 1075 fecunda
833 1024 948 1064 arte
972 1014 1170 1078 primus
1197 1010 1291 1079 effe
1316 1009 1548 1078 maluiffe
1578 1030 1733 1084 quam

130 1083 650 1153 inprimasecundus.
690 1083 874 1157 Atque
898 1083 1047 1136 haud
1057 1085 1171 1151 scio
1195 1102 1265 1136 an
1281 1097 1384 1154 par
1404 1086 1734 1155 principibus

127 1155 223 1225 effi?
242 1156 492 1227 potuff⁹t
529 1155 551 1191 f
586 1165 681 1212 &cz
725 1158 861 1210 Non
881 1156 1094 1210 obstant
1121 1158 1308 1229 itaque
1338 1173 1454 1226 quae
1474 1160 1722 1211 AntzAu-
1753 1158 1776 1196 f
1796 1162 1949 1201 Cic-dt'c‘52

127 1229 363 1301 gustinus
390 1230 458 1283 ad
485 1229 650 1284 fidem
691 1234 881 1304 Pomp.
916 1231 1296 1303 denegandam
1349 1230 1507 1284 affert
1533 1256 1553 1291 ς
1605 1250 1730 1286 nam
1752 1214 1810 1250 ‘⁰⁶'

125 1304 278 1373 quod
297 1305 390 1355 ille
411 1321 478 1356 ex
501 1305 719 1376 Agellio
758 1328 783 1367 g
824 1320 982 1359 notat
998 1306 1328 1357 Ciceronem
1345 1321 1520 1357 annos
1542 1320 1728 1359 natum
1749 1325 1774 1366 g
1801 1315 1969 1365 ‹agel-lib,

124 1375 329 1447 viginti
359 1381 410 1429 ὃς
439 1380 527 1429 sex
561 1381 728 1429 Anno
754 1378 904 1428 urbis
923 1393 1041 1443 572.
1060 1380 1283 1445 primam
1301 1376 1508 1444 causam
1538 1378 1726 1447 egisse,
1755 1379 1851 1415 ¹5·‘·
1870 1371 1931 1402 ²3·

123 1466 246 1501 cum
265 1449 480 1502 Mutius
498 1467 642 1501 anno
661 1448 1000 1520 praecedente
1021 1463 1130 1517 571.
1152 1446 1279 1499 esset
1295 1448 1620 1501 interemtus
1635 1483 1649 1508 ‚
1667 1449 1723 1502 id

121 1520 312 1573 nostrae
328 1522 607 1574 sententiae
622 1539 733 1572 non
755 1520 949 1572 officit:
989 1537 1175 1591 neque
1203 1522 1352 1572 enim
1374 1523 1560 1592 Pomp.
1586 1521 1722 1574 dicit

118 1593 368 1646 Servium
389 1598 500 1660 jam
532 1609 644 1644 tum
676 1594 983 1664 principem
1016 1609 1108 1646 aut
1135 1608 1283 1646 certe
1314 1593 1611 1647 secundum
1638 1594 1720 1647 lo-

116 1682 239 1717 cum
258 1666 314 1717 in
332 1670 569 1717 oratoria
583 1681 699 1717 arte
715 1666 1008 1717 obtinuisse
1038 1684 1160 1718 cum
1191 1667 1276 1734 Q
1295 1667 1541 1716 Mutium
1565 1685 1718 1720 acce-

114 1737 302 1799 deret,
344 1737 433 1790 sed
464 1756 527 1790 ea
555 1737 706 1790 fuiffe
734 1737 1056 1810 diligentia,
1101 1754 1170 1789 eo
1195 1739 1422 1809 ingenio
1450 1752 1718 1808 quantum

117 1827 184 1862 ex
201 1809 689 1861 exercitationibus
705 1813 962 1879 privatis,
1004 1811 1405 1863 &orationibus
1422 1816 1584 1863 etiam
1615 1829 1716 1882 pu-

116 1882 256 1937 blice
271 1881 432 1953 (ante
451 1882 785 1935 Ciceronem
806 1882 823 1943 )
841 1881 1042 1933 habitis
1058 1917 1072 1942 ,
1112 1899 1332 1954 poterat
1345 1882 1711 1954 deprehendi,

112 1970 175 2008 ut
191 1956 428 2016 nemini,
468 1971 560 2007 aut
577 1968 724 2006 certe
742 1953 1374 2011 soliCiceronicessurus
1410 1955 1709 2011 videretur.
1782 1975 1793 1984 ·

111 2026 622 2100 Tantumqueineo
640 2025 856 2079 valuisse
883 2025 991 2079 viri
1021 2029 1240 2080 maximi
1269 2028 1706 2100 castigationem,

113 2100 793 2173 utsejuricivilidederet:
834 2117 947 2152 non
969 2101 1041 2152 ita
1057 2116 1236 2153 tamen
1259 2136 1274 2162 ,
1315 2116 1374 2153 ut
1398 2117 1570 2153 artem
1586 2120 1709 2156 ora-

112 2176 309 2227 toriam
339 2173 622 2227 confestim
651 2173 942 2242 abjiceret,
982 2173 1077 2225 nisi
1108 2174 1388 2245 postquam
1413 2174 1443 2225 a
1472 2173 1709 2238 Rhodo,

30 2304 36 2309 ⁷
112 2248 206 2299 ubi
234 2248 262 2300 a
285 2247 578 2300 Posidonio
607 2250 662 2300 in
694 2246 1043 2318 Philosophia
1072 2252 1123 2300 &
1150 2248 1382 2303 Cercina
1413 2248 1708 2317 ubiinjure

110 2319 178 2371 ab
212 2323 434 2391 Aquilio
463 2336 580 2374 erat
609 2319 920 2381 instructu&
963 2317 1213 2374 rediisset.
1296 2320 1501 2374 Attulit
1540 2321 1708 2392 igitur

112 2392 329 2445 Servius
356 2394 422 2447 ad
438 2394 741 2458 ornandum
767 2394 851 2462 jus
878 2394 1074 2455 civile,
1114 2393 1280 2448 studia
1306 2393 1704 2465 Philosophiae,

109 2465 412 2519 litterarum
430 2505 442 2528 ,
489 2474 537 2521 ὃς
555 2469 683 2520 artis
698 2484 920 2538 quoque
937 2469 1191 2521 oratoriae
1219 2488 1229 2520 ε
1270 2481 1436 2539 atque
1464 2468 1542 2521 ita
1579 2486 1706 2538 prae-

111 2537 475 2595 stannffimum
491 2541 730 2612 elogium
761 2541 791 2593 ὲ
820 2541 1096 2596 Cicerone
1123 2544 1348 2603 meruit,
1392 2539 1482 2595 Sic
1506 2539 1701 2598 Brute,

971 2612 1029 2666 K
1070 2634 1101 2666 2
1533 2611 1708 2682 exsti-
