2226 3164
606 181 793 226 LIB.
864 181 1160 226 LCAP.
1231 184 1289 227 X.
1663 203 1729 250 79

129 283 221 328 no,
256 266 517 330 sedetiam
530 263 881 319 admonentem
911 262 968 314 C.
993 261 1296 315 Trebatium
1326 276 1384 316 ut
1411 265 1718 336 affingeret,

129 341 300 391 minus
323 338 598 411 familiari
627 337 783 391 vultu
809 332 1110 405 respexiffe:
1148 344 1167 366 ⁶
1204 334 1311 388 haec
1328 354 1410 388 res
1429 356 1542 390 non
1564 344 1721 393 mini·
1750 379 1767 402 c
1795 369 1880 407 Sam,
1906 375 1937 407 i„

124 429 269 465 mam
285 412 581 482 conjuratis
596 408 931 463 occasionem
963 406 1118 460 dedit
1136 446 1147 466 ‚
1188 407 1324 460 iilud
1360 409 1512 480 quod
1537 414 1720 465 animo
1745 418 1939 465 Juliim:

125 484 401 557 agitabant
441 482 771 555 perficiendi.
816 482 901 549 De
931 481 1034 533 hoc
1061 479 1245 534 nostro
1275 481 1542 535 Trebatio
1571 502 1724 556 egre-

121 559 273 626 gium
299 556 408 608 hoc
437 554 733 609 Ciceronis
762 555 1135 609 testimonium
1155 594 1166 615 ‚
1213 553 1414 608 referre
1430 570 1541 607 non
1571 561 1722 627 pige.

101 627 230 686 bit,
275 627 567 698 praesertim
582 627 1464 699 cumidvitiosainterpunetione
1493 633 1546 680 &
1573 636 1724 682 exin-

58 753 64 761 ,,
115 699 188 752 de
205 703 665 773 interpretatione
689 699 1042 755 &Bertrando
1067 699 1425 772 depravetur:
1473 702 1725 757 Secimore
1778 718 1789 730 ·

114 772 354 827 Romano
382 792 480 847 quo
508 773 742 828 homines
771 792 870 828 non
902 775 1070 845 inepti
1095 773 1377 845 loquuntur
1395 809 1409 835 ‚
1440 774 1726 843 probiorem

112 844 398 910 hominem,
438 847 697 902 meliorem
714 851 890 902 virum
910 848 1294 917 prudentiorem
1321 845 1414 916 effe
1441 850 1691 900 neminem
1709 866 1725 897 .-

111 921 316 975 accedit
339 923 500 973 etiam
525 922 665 992 quod
681 921 948 993 familiam
960 922 1107 975 ducit
1125 921 1306 989 injure
1319 921 1481 973 civili
1491 920 1725 992 fingula-

111 993 188 1044 ris
213 995 484 1055 memoria,
509 995 719 1061 summa
745 994 1010 1060 scientia:
1052 994 1306 1047 nimirum
1342 993 1449 1046 hoc
1465 995 1727 1064 vuitprae-

112 1075 198 1117 ter
223 1064 532 1134 prudentiae
559 1071 609 1120 &
639 1066 935 1137 probitatis
962 1065 1180 1120 laudem
1204 1066 1470 1119 accedere
1503 1071 1554 1119 ὃς
1595 1067 1729 1118 illud

109 1135 265 1207 quod
281 1137 427 1192 inter
454 1142 716 1212 praecipua
744 1138 1141 1193 numerandum
1168 1138 1270 1198 est,
1316 1137 1637 1210 singularem
1667 1142 1725 1191 in

106 1207 226 1278 jure
245 1213 597 1274 memoriam,
634 1229 819 1285 neque
838 1216 1106 1265 minorem
1122 1211 1420 1271 scientiam.
1463 1212 1728 1281 Maleigi-

107 1290 191 1334 tut
215 1281 547 1338 Bertrandus
572 1285 705 1357 legit
735 1287 873 1358 quod
883 1285 1159 1356 familiam
1185 1285 1332 1338 ducit
1351 1284 1536 1354 injure
1550 1284 1722 1336 civili.

106 1351 177 1407 Id
203 1351 277 1406 est
300 1357 505 1409 multos
527 1358 817 1412 sefitatores
843 1359 1008 1412 habet
1026 1384 1046 1415 3
1085 1362 1210 1425 quia
1239 1372 1371 1409 tunc
1400 1357 1491 1409 illa
1520 1357 1687 1408 verba
1707 1390 1726 1417 2

89 1424 387 1498 fingularis
398 1430 643 1481 memoria
658 1467 671 1488 ,
700 1431 910 1496 summa
908 1428 1147 1497 scientia
1161 1463 1175 1489 ,
1215 1444 1330 1480 non
1353 1427 1381 1479 s
1376 1428 1477 1480 atis
1491 1427 1619 1498 apte
1634 1444 1725 1479 co·

109 1498 408 1557 haererent,
450 1519 630 1572 neque
658 1502 823 1554 ullam
865 1501 1194 1571 perficerent
1233 1500 1574 1553 sententiam.
1636 1499 1724 1552 Ad

107 1570 260 1627 hunc
287 1573 486 1644 scripta
512 1572 586 1626 est
615 1571 1003 1644 elegantiffima
1028 1573 1255 1626 Horatii
1282 1572 1482 1645 Satyra.
1525 1596 1548 1632 d
1589 1571 1724 1625 Sunt
1746 1589 1768 1626 d
1797 1592 1953 1629 Horae.

107 1644 298 1713 quibus
324 1646 382 1696 in
410 1643 602 1710 Satyra
630 1646 812 1698 videor
836 1648 996 1704 nimis
1043 1663 1160 1698 acer
1191 1650 1287 1698 &ct
1321 1647 1376 1697 in
1407 1646 1684 1714 quaverba
1705 1680 1718 1702 ,
1749 1644 1862 1678 &Sat-
1881 1657 1911 1680 ¹·

60 1760 62 1764 ,
107 1714 417 1788 nisiquidtu
431 1716 577 1771 doffte
594 1716 843 1780 Trebati,
876 1716 1114 1787 diffentis
1140 1737 1149 1769 :
1201 1715 1627 1786 &aliaquaedam
1659 1735 1724 1770 ex

14 1803 19 1807 ·
104 1786 227 1856 jure
255 1790 407 1844 civili
442 1793 641 1858 petita:
682 1789 827 1844 unde
859 1795 912 1843 ὃς
952 1803 1106 1861 patet
1145 1806 1270 1842 eum
1302 1803 1433 1842 tunc
1460 1791 1729 1861 temporis
1815 1817 1817 1820 ·

110 1858 377 1931 majorem
391 1874 519 1914 natu
537 1859 688 1913 fuisse
706 1894 723 1921 ,
764 1860 899 1913 dum
915 1866 987 1914 ait
1001 1861 1170 1914 Poe'ta
1185 1896 1202 1922 ,

256 1970 302 2023 C
304 1970 512 2042 upidum
527 1980 681 2025 Pater
694 1970 888 2041 optime
908 1971 1054 2022 vires

261 2043 563 2111 Deficiunt.

106 2158 167 2212 Is
192 2175 356 2229 quam·
385 2156 653 2229 plurimos
679 2151 881 2226 scripsit
909 2152 1112 2215 libros,
1149 2150 1239 2206 sed
1267 2154 1364 2225 qui
1398 2155 1578 2208 minus
1595 2156 1704 2210 fre-

15 2234 19 2241 ‘
106 2243 534 2302 quentarentur:
573 2233 718 2283 inter
741 2244 881 2298 quos
907 2227 1118 2298 aliquot
1144 2225 1367 2280 fuerunt
1395 2227 1464 2280 de
1487 2228 1606 2297 jure
1637 2233 1710 2282 ci-

108 2303 210 2356 vili
225 2340 237 2360 ‚
277 2301 347 2356 de
362 2302 718 2375 religionibus
732 2319 869 2354 vero
888 2317 1090 2354 novem
1104 2335 1119 2361 ,
1147 2316 1207 2353 ut
1222 2317 1288 2353 ex
1308 2300 1392 2354 his
1409 2300 1708 2356 Horatiani

106 2376 581 2430 Commentatoris
596 2375 664 2430 ad
681 2374 885 2428 di&um
900 2374 1082 2427 locum
1103 2373 1284 2427 verbis
1299 2386 1551 2446 apparet:
1600 2375 1712 2429 Hie

107 2447 386 2502 Trebatius
409 2466 560 2521 eques
586 2449 862 2503 Romanus
882 2486 894 2505 ‚
921 2447 1076 2519 juris
1094 2449 1302 2517 peritus
1311 2446 1438 2516 fuit
1466 2486 1480 2507 ,
1525 2450 1618 2518 qui
1649 2446 1713 2507 ὠ·

28 2547 38 2567 c
106 2521 314 2594 aliquos
339 2520 498 2574 libros
523 2523 725 2595 dejure
751 2521 932 2583 civili,
975 2515 1040 2578 ὀ
1066 2521 1127 2574 de
1158 2519 1499 2592 religionibus
1527 2538 1713 2573 novem

107 2594 394 2667 composuit.
436 2594 544 2651 Sed
557 2598 758 2652 mirum
777 2614 869 2651 cur
897 2611 1021 2649 eum
1048 2594 1253 2649 Aulum
1278 2593 1597 2649 Trebatium
1619 2611 1717 2718 fip-

1544 2682 1613 2737 pe
1661 2681 1719 2719 et
