2003 2935
516 136 570 192 D
606 135 651 188 E
692 137 745 189 D
783 135 812 188 I
850 134 901 188 C
942 135 993 187 A
1031 133 1085 187 T
1130 137 1155 188 1
1195 140 1263 191 O.

74 243 158 333 *rab
176 237 434 305 hostibus
453 257 654 322 pacem
686 252 1058 322 extorqueat.
1141 238 1264 321 Qae
1292 256 1382 319 per
1415 245 1569 303 caedes
1613 247 1673 307 ab

83 379 180 460 ipfi)
209 374 344 434 ducit
377 387 481 453 opes
511 369 820 450 animumque
860 362 1012 446 ferm.
1117 367 1321 430 Multo
1355 369 1565 434 sudore
1609 399 1672 437 ac

87 506 359 594 sanguine
393 499 693 585 redempta
735 500 796 562 ὃς
836 517 1103 562 extremo
1137 500 1343 586 spiritu
1393 503 1673 568 redimen-

0 723 1 727 ,
69 606 349 728 ‘davanimi
381 632 543 696 simul
573 656 638 695 ac
671 634 932 719 eorporis
948 632 1208 713 libertas,
1259 634 1672 701 cuiferalesin-

83 770 233 836 fidiae
255 765 472 833 strufiae
490 765 622 830 sunt
638 814 655 845 ‚
706 783 766 828 te
782 784 1096 852 patronum
1115 789 1178 829 ac
1202 768 1490 832 vindicem
1512 769 1673 834 musta

83 903 244 968 velut
263 925 336 964 ex
355 902 486 965 atris
504 890 751 964 nubibus
779 898 862 962 sol
881 899 1158 985 prodiens
1192 899 1442 966 serenior
1466 905 1674 969 emica-

84 1036 188 1100 bit.
212 1054 215 1057 ’
239 1038 416 1112 Tunc
437 1033 684 1097 liberum
715 1050 1030 1121 tutumque
1061 1057 1167 1120 per
1198 1038 1507 1100 Oceanum
1525 1038 1666 1101 voli-

30 1172 55 1205 ’·
81 1167 289 1234 tabunt
306 1167 587 1231 mercibns
605 1165 853 1256 gravidae
877 1189 1050 1231 naves
1069 1218 1086 1250 ‚
1133 1168 1672 1257 gliscentcommet-

42 1369 46 1372 ,
79 1302 193 1379 cia,
225 1299 736 1389 succus&sanguis
753 1299 921 1382 hujus
940 1303 1119 1388 Reip:
1140 1300 1385 1365 &urbes
1406 1304 1564 1368 unde
1596 1301 1672 1364 al-

55 1453 170 1524 'ma
187 1430 439 1493 faustitas
471 1429 586 1509 jam
617 1432 842 1512 pridem
886 1432 1138 1489 exulasse
1183 1433 1295 1490 visa
1327 1433 1442 1491 fuit
1466 1478 1481 1507 ,
1528 1434 1672 1493 beata

67 1563 206 1647 pleno
221 1561 350 1643 copia
377 1579 521 1619 cornu
551 1556 810 1618 inaurahit.
881 1560 973 1622 Sic
1010 1559 1184 1644 Resp:
1222 1559 1411 1623 nostra
1459 1582 1665 1647 portus

55 1693 296 1778 'semper
312 1691 373 1753 8<
389 1688 709 1774 hospitium
727 1686 970 1768 afflatis,
1006 1713 1073 1752 ac
1091 1690 1415 1776 praesidium
1435 1667 1668 1780 oppres-

8 1856 10 1858 ’
77 1824 144 1889 fis
188 1822 351 1887 nullo
400 1810 832 1885 intermoritura
876 1821 1084 1886 saeculo
1133 1847 1199 1885 ac
1244 1824 1404 1888 velut
1447 1829 1667 1890 aeterni-

79 1958 209 2021 tatis
241 1957 436 2042 imago
468 1951 732 2040 quaedam
761 1953 966 2041 abipsa
988 1972 1153 2018 aetate
1170 1955 1449 2046 colligens
1465 1958 1565 2021 fibi
1588 1961 1669 2022 vi-

79 2112 164 2152 res
181 2085 522 2150 senescendo
551 2084 887 2162 invalescet,
941 2086 1178 2173 ejusque
1213 2090 1452 2175 antiqua
1488 2090 1666 2169 fides,

78 2222 417 2286 intaminata
447 2218 630 2306 gloria
677 2242 742 2281 ac
773 2241 877 2303 per
913 2237 1110 2282 totum
1144 2237 1420 2284 terrarum
1442 2222 1669 2286 Orbem

2 2425 5 2427 ,
81 2351 232 2416 fama
253 2351 305 2414 se
323 2349 601 2415 extendet
655 2350 835 2438 usque
866 2350 937 2413 ad
967 2375 1066 2418 eos
1099 2353 1202 2438 qui
1238 2351 1469 2415 adversa
1501 2354 1670 2419 nobis

80 2470 314 2573 vestigia
329 2483 730 2570 premunt‚alia
747 2482 1031 2572 sydera‚&
1042 2483 1199 2547 aliud
1215 2483 1430 2550 coelum
1449 2485 1665 2552 vident.

988 2614 1021 2648 *

1037 2672 1070 2704 4<
1493 2621 1664 2684 Cum
