2226 3164
509 186 595 233 132
854 149 1928 233 DEVITISJUR150.'

496 248 704 303 necesse
744 248 844 312 est,
887 248 976 304 sed
1018 251 1208 323 procul
1248 250 1420 306 dubio
1462 271 1528 307 ex
1555 250 1749 306 eadem
1774 251 2098 323 gente&fa-

501 324 670 376 milia.

571 394 807 465 Fufidius
832 396 1197 469 quoqueJctus
1222 414 1458 454 meretur
1486 414 1546 454 ut
1573 400 1642 454 de
1670 412 1823 453 aetate
1853 397 1968 468 ejus
1991 397 2098 453 dis·
2168 391 2186 407 ⁸

498 468 845 540 quifitionem
865 472 971 524 hoc
987 472 1111 525 loco
1127 473 1460 526 instituamus
1478 474 1617 544 :ejus
1633 489 1838 527 nomen
1854 473 2099 526 tenebris

500 545 623 613 plus
638 562 797 616 quam
813 547 1118 598 Cimmeriis
1134 545 1401 618 sepultum
1418 547 1473 599 in
1492 547 1667 600 lucem
1695 547 1748 599 se
1777 543 2096 617 protraxisse

240 647 264 684 d
292 654 335 685 L·
359 659 418 695 25,
439 646 478 683 de
502 634 619 669 non
648 619 926 671 immerito
952 619 1215 686 gloriatur
1243 620 1499 688 Cujacius
1513 621 1732 694 ejusque
1750 618 2096 673 mentionem

239 697 475 735 manuzvind-l·
500 690 687 757 aGajo
727 703 750 739 d
790 696 841 744 &
883 690 1149 746 Africano
1189 714 1208 738 e
1247 691 1359 746 fieri
1387 693 1617 747 testatur.
1671 699 1757 746 At
1787 709 1888 745 nos
1914 703 2101 745 vei-am

237 749 442 851 ζῖέζὶῇζῖὂῑ
501 769 614 832 ejus
629 777 837 817 aetarem
853 766 1019 836 primi
1032 765 1422 836 judicabimus:
1462 767 1828 820 hallucinatur
1844 765 1992 818 enim
2007 768 2100 829 Ju-

240 863 261 887 e
288 853 329 888 L.
348 829 429 895 wie
501 837 942 891 risconsultorum
965 838 1158 899 decus,
1203 842 1260 893 in
1291 858 1360 892 eo
1386 840 1539 912 quod
1554 839 1824 894 Fufidium
1842 838 1988 891 hunc
2003 856 2103 891 no-

238 905 465 989 Zuwffffarg·
500 909 658 962 strum
688 912 922 965 eundem
955 912 1053 966 effe
1080 927 1234 984 putat
1259 931 1380 966 cum
1400 932 1468 968 eo
1484 914 1707 983 cujusin
1724 913 1896 965 Bruto
1911 911 2099 965 memi-

238 970 397 1056 fgoujac‚
419 1006 475 1043 ab,
501 988 579 1036 nit
625 984 844 1037 Cicero,
879 1001 901 1038 f
934 985 1062 1038 Fuit
1105 990 1312 1056 quippe
1340 987 1430 1037 hic
1461 987 1640 1038 noster
1668 1001 1791 1038 toto
1811 985 1997 1037 saeculo
2013 984 2102 1053 Ju-

231 1058 425 1113 ,³·0l2l·69-
500 1060 618 1109 nior
637 1062 686 1109 &
704 1056 794 1109 sub
812 1057 1139 1130 Vespafiano
1155 1071 1247 1111 aut
1273 1057 1414 1110 circa
1441 1057 1497 1110 id
1525 1072 1743 1129 tempus
1767 1056 1940 1108 libros
1967 1073 2108 1127 quae-

291 1177 318 1212 L
412 1175 433 1212 d
499 1129 732 1182 stionum
760 1133 1070 1202 composuit
1094 1167 1109 1193 ‚
1149 1131 1301 1199 cujus
1327 1133 1406 1184 rei
1445 1131 1785 1184 luculentum
1827 1128 2126 1188 austorem,

238 1185 409 1279 {3215an
431 1190 474 1263 ᾗ,
500 1201 760 1257 habemus
790 1204 1177 1258 Africanumin
1198 1204 1323 1265 loco
1341 1206 1618 1275 praecitato
1636 1239 1650 1265 ,
1689 1219 1714 1258 g
1753 1201 1848 1256 ubi
1877 1202 1986 1256 haec
2013 1219 2104 1255 ex-

234 1285 308 1326 gat.
502 1289 623 1329 tant
651 1278 843 1335 verba,
891 1280 1053 1348 Apud
1076 1270 1336 1345 Fufidium
1362 1276 1691 1350 quaestionum
1729 1275 1858 1330 libro
1882 1275 2102 1341 secundo

502 1350 584 1401 ita
597 1350 966 1420 scriptumest:
991 1351 1046 1417 si
1060 1351 1245 1403 mulier
1259 1352 1594 1404 mandaverit
1610 1349 1712 1404 tibi
1729 1388 1740 1408 ,
1783 1346 1944 1416 utfibi
1958 1350 2104 1401 unio-

501 1439 592 1473 nes
609 1423 728 1488 usus
748 1421 842 1489 sui
854 1424 1039 1490 causa,
1085 1440 1303 1475 emeres:
1326 1422 1386 1490 st
1402 1424 1581 1495 tupost
1603 1435 1816 1477 mortem
1831 1420 1944 1493 ejus
1960 1461 1972 1481 ‚
1989 1438 2105 1474 cum

491 1507 711 1566 putares
723 1514 834 1548 eam
851 1498 1039 1549 vivere
1053 1499 1257 1550 emeris:
1299 1495 1597 1550 Atilicinus
1621 1508 1777 1570 negat
1792 1494 1888 1565 effi²
1906 1497 2105 1567 legatos

501 1571 578 1626 ei,
621 1574 701 1624 cui
716 1570 900 1622 mulier
913 1570 993 1622 ita
1021 1571 1309 1642 legaverit,
1349 1583 1651 1624 ornamenta
1676 1587 1789 1642 quae
1813 1585 1922 1622 mea
1951 1566 2106 1634 causa

494 1653 692 1711 parata
696 1646 829 1712 sunt
855 1655 1079 1696 eruntve
1098 1663 1114 1693 .·
1154 1661 1254 1696 non
1280 1646 1416 1695 enim
1432 1649 1543 1706 ejus
1555 1646 1712 1709 causa
1729 1642 2104 1710 videri'parata

502 1714 620 1780 effe,
664 1733 776 1784 quae
783 1716 910 1784 jam
924 1727 1120 1766 mortua
1134 1733 1194 1765 ea
1212 1726 1349 1766 emta
1361 1714 1564 1778 fuerint
1594 1715 1686 1767 ubi
1705 1732 1826 1780 curn
1860 1711 2103 1767 Fufidius

498 1786 850 1838 Attilicinum
866 1820 881 1845 ,
896 1802 1059 1856 quem
1076 1804 1317 1838 coaevum
1332 1785 1568 1839 Proculo
1584 1785 1728 1838 fuisse
1748 1786 2097 1845 ostendimUS,

496 1856 685 1911 laudet
701 1891 724 1919 r
754 1873 901 1911 certe
914 1872 1041 1911 ante
1059 1855 1433 1927 Vespasianum
1450 1856 1637 1910 vixisse
1663 1857 1775 1910 dici
1795 1856 1950 1910 nullo
1979 1875 2099 1911 mo-

500 1929 575 1982 do
604 1930 807 2002 potest:
841 1929 1169 1984 rursusfidiu
1189 1928 1306 2002 post
1320 1929 1698 2001 Vespafianum
1717 1928 2100 1984 vixifl‘etaGa·

497 2002 558 2072 jo
582 2041 593 2060 ‚
641 2005 736 2075 qui
766 2004 858 2057 {ub
891 2004 953 2056 D.
980 2002 1081 2055 Pio
1112 2003 1305 2057 floruit
1335 2003 1685 2075 allegarinon
1705 2003 1901 2075 posset,
1945 2003 2099 2077 quod

502 2089 702 2129 tamem
731 2075 849 2130 fieri
875 2075 1028 2149 supra
1066 2091 1320 2131 notatum
1360 2075 1447 2128 est·
1489 2075 1692 2148 Neque
1708 2076 1946 2150 estquod
1963 2077 2101 2150 quis-

501 2167 664 2220 quam
695 2152 751 2204 in
782 2149 930 2204 disto
957 2151 1083 2203 loco
1123 2152 1301 2220 aliqua
1340 2149 1506 2203 verba
1535 2149 1795 2203 Africano
1813 2150 2101 2205 tribuenda

499 2222 817 2293 suspicetur:
858 2224 1012 2278 affert
1027 2225 1175 2277 enirn
1194 2222 1617 2296 Jurisconsultus
1644 2222 1834 2276 Fufidii
1861 2223 2095 2277 auetori-

247 2345 273 2380 h
298 2345 325 2379 L
351 2356 370 2379 Ζ
395 2340 432 2378 de
502 2307 670 2349 tatem
695 2332 710 2359 ‚
749 2298 812 2351 ad
846 2297 1218 2352 stabiliendam
1249 2315 1413 2369 quam
1441 2312 1568 2350 ante
1596 2298 1710 2368 ipse
1741 2298 2101 2368 proposuerat

247 2369 477 2445 auro'argleg,
506 2368 863 2433 sententiam,
899 2371 923 2408 ¹²
966 2386 1026 2424 ut
1050 2371 1191 2424 reeh}
1219 2374 1276 2425 in
1309 2370 1404 2424 suo
1432 2369 1499 2424 ad
1527 2369 1854 2424 Africanum
1873 2369 2100 2423 trad'oetu

506 2441 651 2494 idem
670 2443 928 2512 Cujacius
945 2451 1249 2498 annotavit.

581 2515 866 2569 Domitius
885 2517 1061 2571 Labeo
1089 2517 1117 2570 a
1150 2518 1489 2572 Bernardino
1507 2514 2100 2586 RutilioJurisconsul-

511 2601 690 2643 torum
707 2594 798 2662 qui
825 2595 962 2646 circa
986 2590 1250 2647 Hadriani
1275 2606 1522 2663 tempora
1549 2592 1806 2645 vixerunt
1829 2588 2100 2713 Catajogo

1965 2678 2021 2712 1n
2049 2678 2100 2713 e-
