2253 3207
504 160 563 192 10
843 143 964 189 DE
1030 142 1824 212 v1TISJUR130.
1909 154 1918 158 ·

498 244 565 280 ex
581 226 688 281 hoc
703 224 1138 302 locoquemipse
1158 230 1286 284 Ant:
1314 230 1530 304 August.
1553 249 1656 304 pro
1684 230 1977 302 deplorato
1993 231 2090 287 ha·-

498 300 619 362 bet,
648 301 887 373 aliquem
908 302 1188 357 eliciemus
1208 303 1411 359 sensum
1426 340 1441 367 ,
1471 307 1568 378 qui
1588 305 1718 359 alias
1741 304 1920 358 nullus
1937 303 2022 358 est.

571 373 764 427 Gnaeus
779 373 1006 429 Flavius
1023 377 1197 430 Annii
1211 375 1388 431 Filius
1405 414 1418 440 ‚
1436 378 1575 433 male
1591 377 1782 432 Livius
1797 377 1852 429 C·
1870 375 2099 431 Flavius

496 445 592 499 Gn
614 443 788 501 Filius
801 450 1043 522 aliquem
1059 468 1281 522 quoque
1310 450 1889 525 interJurisconsultos
1916 451 2100 504 locum

493 534 730 573 meretur
743 557 757 584 ,
773 524 902 595 quia
916 524 1095 595 Civile
1100 525 1192 595 jus
1207 523 1471 595 repofitum
1491 526 1549 578 in
1564 524 1942 578 Penetralibus
1956 523 2106 577 Pon-

495 591 694 663 tificum
707 596 994 668 evulgavit
1022 617 1037 646 .·
1061 596 1331 669 fastosque
1355 597 1688 667 circaforum
1702 598 1759 651 in
1780 597 1895 650 albo
1912 609 2099 669 propo-

240 680 264 705 ¹
288 667 444 726 Lada.
478 667 627 735 suit,
653 678 713 720 ut
728 670 927 740 quando
954 670 1062 742 lege
1081 674 1186 742 agi.
1209 667 1374 741 peffet
1379 671 1622 738 sciretur.
1665 700 1689 723 x
1730 670 1867 739 Quae
1883 689 1964 723 res
1981 684 2104 723 tan-

272 746 280 756 “
384 748 394 757 “
497 740 718 812 tamipfi
735 742 877 812 apud
895 743 1162 816 populum
1202 744 1524 797 conciliavit
1549 743 1802 816 gratiam,
1832 756 1892 795 ut
1921 742 2104 797 oedilis

497 814 698 866 curulis
711 850 724 876 ‚
741 820 792 867 &
807 815 1056 869 tribunus
1074 830 1347 870 crearetur
1361 858 1373 876 ,
1394 819 1519 889 quia
1535 817 1751 888 quodam
1765 826 1984 888 tempore
2025 832 2105 867 oc-

498 885 702 940 cultata
703 887 890 957 fuerat
904 889 1000 956 ista
1016 890 1225 951 tabula,
1274 900 1333 942 ut
1371 892 1482 943 dies
1522 889 1709 962 agendi
1724 897 2030 959 peterentur
2070 905 2104 940 a

242 978 265 1015 y
292 966 479 1006 eseliae.
493 962 712 1029 paucis:
753 984 775 1020 y
814 962 900 1014 Sic
929 963 1024 1016 ille
1064 963 1129 1016 ab
1143 962 1260 1032 ipfis
1285 965 1460 1015 cautis
1481 960 1896 1032 Jurifconsultis
1934 979 2104 1014 eorum

241 1015 396 1109 ffi'tsfiffd
487 1032 811 1101 sapientiam
823 1035 1132 1104 compilavit
1148 1070 1163 1096 ,
1191 1053 1330 1106 quos
1370 1034 1467 1106 ipsi
1507 1035 1715 1088 idcirco
1757 1037 1925 1088 iratos
1953 1033 2106 1088 fuiffiz

504 1118 681 1157 narrat
698 1107 914 1159 Cicero.
957 1123 980 1147 z
1016 1107 1222 1161 Totam
1240 1108 1377 1161 hanc
1395 1125 1505 1160 rem
1521 1108 1730 1160 Plinius
1769 1117 1790 1142 a
1830 1106 2000 1159 refert
2016 1106 2103 1159 his

243 1173 396 1258 {4322
417 1179 481 1257 {22⁰
506 1178 687 1230 verbis
705 1198 715 1230 :
731 1178 810 1230 Cn
840 1178 1067 1233 Flavius
1081 1180 1259 1233 Annii
1274 1178 1448 1233 Filius
1455 1180 1743 1251 publicatis
1763 1179 1941 1232 diebus
1938 1177 2107 1249 fastis

249 1285 304 1321 33.
318 1272 482 1322 nat.H1st‚
504 1260 711 1303 tantam
713 1255 953 1322 gratiam
962 1253 1137 1324 plebis
1160 1254 1376 1324 adeptus
1390 1253 1482 1321 est,
1502 1250 1736 1324 alioquin
1751 1252 1995 1305 libertino
2010 1264 2108 1322 pa-

503 1334 583 1374 tre
587 1329 806 1392 genitus
819 1361 835 1386 ‚
855 1324 917 1383 &¹
951 1326 1058 1396 ipse
1078 1327 1246 1397 Appii
1263 1326 1307 1377 C
1310 1328 1402 1378 aeci
1402 1326 1583 1392 scriba
1596 1363 1608 1386 ,
1631 1344 1691 1378 cu
1688 1326 1779 1395 jus
1792 1324 2008 1376 hortatu
2021 1341 2110 1374 ex-

502 1406 707 1461 ceperat
723 1414 805 1446 eos
820 1399 932 1447 dies
947 1436 958 1455 ,
976 1399 1310 1461 consultando
1335 1398 1519 1461 affidue
1536 1398 1726 1466 sagaci
1760 1399 1967 1466 ingenio
1984 1408 2106 1465 pro-

501 1465 962 1535 mulgaveratque,
1004 1476 1064 1517 ut
1079 1466 1248 1517 aedilis
1275 1467 1475 1518 curulis
1493 1479 1769 1520 crearetur.
1848 1466 2107 1522 Additum

504 1534 699 1588 Flavio
714 1547 773 1588 ut
782 1536 947 1603 simul
955 1536 1369 1606 tribunusplebis
1384 1536 1503 1605 effet
1524 1577 1534 1596 ‚
1566 1538 1820 1608 quofac‘to
1835 1550 1990 1590 tanta
2019 1540 2107 1592 Se-

506 1620 664 1661 natus
678 1609 1039 1680 indignatione
1054 1609 1267 1674 exarstt‚
1288 1621 1347 1662 ut
1362 1609 1582 1661 annulos
1593 1609 1658 1663 ab
1672 1627 1725 1662 eo
1739 1610 1965 1680 abjefft'os
1975 1611 2110 1679 fuis-

249 1713 272 1748 b
300 1711 373 1748 Lib.
390 1724 424 1758 9,
496 1682 559 1746 se
575 1683 631 1732 in
645 1681 1012 1750 antiquifflmis
1026 1684 1315 1751 reperiatur
1326 1681 1605 1734 annalibus
1629 1702 1637 1734 :
1678 1683 1831 1735 Idem
1848 1683 1963 1736 fere
1981 1703 2104 1738 nar-

248 1776 276 1798 c.
296 1776 328 1811 3.
509 1766 589 1803 rat
605 1748 786 1804 Valet:
804 1752 957 1807 Max.
994 1757 1017 1792 b
1061 1753 1181 1806 Nisi
1196 1754 1346 1825 quod
1364 1754 1613 1807 Flavium
1641 1755 1926 1808 Praetorem
1958 1775 2104 1811 crea-

511 1837 619 1876 tum
636 1824 850 1878 asseruit
869 1860 883 1886 ,
922 1825 1075 1879 addit
1092 1827 1282 1879 Livius
1325 1844 1449 1878 eum
1491 1829 1834 1880 contumacia
1855 1828 2106 1882 adversus

508 1911 929 1952 contemnentes
974 1899 1342 1951 humilitatem
1385 1898 1528 1951 suam
1569 1900 1782 1952 certasse
1809 1935 1823 1960 ‚
1863 1899 2002 1952 adeo
2044 1917 2104 1955 ut

510 1969 673 2020 etiam
689 1972 744 2021 in
774 1989 972 2043 magno
988 1971 1221 2024 consessu
1264 1970 1532 2023 nobilium
1548 2009 1559 2025 ‚
1601 1974 1697 2042 qui
1714 1972 1810 2041 ipfi
1843 1972 2105 2045 affurgere

508 2041 776 2096 nolebant
791 2080 805 2105 ‚
822 2044 1000 2097 sellam
1018 2037 1682 2114 curulemjufferitafferri‚
1701 2060 1760 2097 ut
1776 2062 1966 2098 omnes
1980 2042 2104 2099 etim

508 2112 795 2184 dignitatis
813 2118 908 2170 suae
926 2118 1280 2188 praerogativa
1295 2118 1629 2169 eminentem
1649 2119 1811 2170 etiam
1832 2119 1998 2173 inviti
2016 2120 2100 2173 vi-

252 2211 278 2286 }
344 2195 484 2248 gelhlib.
509 2184 729 2249 derent,
756 2190 1014 2261 idemque
1030 2189 1314 2244 confirmat
1330 2191 1359 2243 e
1375 2189 1568 2242 Pisone
1587 2190 1847 2261 Agellxus.
1890 2199 1909 2222 ⁶

285 2263 330 2286 .c.
346 2265 379 2297 9.

1938 2624 2101 2678 CAP.
