2226 3164
481 143 673 188 LIB.
739 140 810 186 II.
882 130 1075 185 CAP.
1146 139 1312 186 VIII.
1594 141 1686 188 161

89 223 221 289 τῖες,
263 224 511 293 Nostrum
539 222 810 297 appellat,
850 238 873 282 f
903 219 993 273 sed
1012 237 1118 292 ego
1135 220 1393 292 po‘tiusid
1419 222 1548 277 ideo
1577 224 1686 281 fac·
1710 201 1946 296 ἷαῐῇζξῖζξῖ

89 310 206 352 tum
221 299 455 352 arbitror
468 334 483 360 ,
497 299 624 370 quia
639 311 870 364 uterque
885 293 953 346 ad
968 310 1091 346 eum
1107 310 1266 347 notas
1280 297 1481 367 scripsit
1497 338 1508 351 .
1526 297 1686 371 scrip·
1710 306 1850 366 dedzflr.

89 384 146 425 ta
173 371 446 433 Scaevolae,
486 371 515 424 ὲ
539 369 950 440 quibuslacunae
965 367 1178 436 aliquot
1204 368 1260 417 in
1286 367 1570 423 Pandeffis
1601 389 1685 424 re·
1702 368 1787 408 ΡΨ

86 442 206 497 latae
223 444 466 496 sunthaec
479 444 749 505 Inveni0,
788 437 1278 512 Digestorumlibri
1307 441 1690 510 quadraginta,

88 517 445 587 quaestionum
487 516 720 586 viginti3
771 512 1152 584 responsorum
1192 513 1283 563 sex
1310 537 1329 570 ,-
1383 516 1688 583 regularum

86 602 348 658 quatuor:
389 587 457 639 de
474 588 763 659 quaestione
781 586 995 638 familiae
1013 604 1179 639 unum
1195 613 1211 648 3
1251 585 1429 656 (hunc
1445 591 1687 657 agnoscit

87 659 256 714 index
273 697 288 723 ‚
325 660 418 713 sed
436 679 502 713 ex
518 677 586 714 eo
603 659 742 712 nihil
760 663 815 711 in
836 658 1053 730 Digesta
1079 658 1308 712 relatum
1324 657 1442 729 est)
1467 665 1519 711 &
1544 678 1683 729 quae-

85 731 318 786 stionum
333 733 550 806 publice
576 733 915 786 trastatarum
936 732 1132 785 librum
1146 732 1465 805 fingularem
1488 752 1497 784 :
1538 732 1686 787 forte

84 805 473 879 &fingularem
495 809 603 881 δρῶν
635 805 743 859 five
759 804 1178 868 definitionum,
1217 826 1242 864 g
1281 805 1372 858 sed
1400 809 1586 876 potius
1612 807 1685 859 est
1705 816 1730 855 g
1757 807 1911 857 Lfinzde

83 892 147 932 ut
163 878 308 932 hunc
323 879 500 933 faetum
516 880 799 951 QMucio
816 878 1060 933 Scaevolae
1072 878 1440 947 adjudicemus
1456 915 1470 939 ,
1486 880 1554 934 de
1571 899 1683 952 quo
1704 869 1790 959 ἔξω
1816 873 1870 911 ⁹⁶⁴³
1882 862 1933 910 (ἢ

78 949 239 1005 latius
254 953 311 1005 in
329 953 445 1019 ejus
459 955 569 1006 vita
623 952 836 1004 Tenuit
849 966 1029 1002 autem
1045 952 1136 1003 hic
1162 950 1340 1003 noster
1360 949 1596 1005 Scaevola
1624 955 1682 1008 in
1876 962 1879 964 ’

81 1023 341 1077 omnibus
371 1024 579 1095 scriptis
605 1024 709 1077 suis
739 1023 884 1076 hunc
913 1024 1136 1076 modum
1153 1023 1309 1094 utjus
1322 1023 1390 1076 ad
1407 1024 1681 1080 faci-icon-

79 1095 355 1149 ditionem
373 1099 646 1153 retulerit,
688 1096 835 1149 unde
852 1096 949 1149 hac
963 1095 1078 1148 fere
1093 1097 1326 1149 clausula
1357 1099 1558 1158 utitur,
1584 1099 1676 1167 [ἒ-

78 1167 300 1220 cundum
314 1185 373 1220 ea
389 1186 502 1241 quae
522 1180 955 1240 proponerentur:
995 1167 1147 1240 quod
1163 1167 1198 1221 fi
1213 1169 1282 1220 de
1309 1169 1453 1222 facto
1470 1188 1581 1223 non
1599 1171 1678 1225 sa-

80 1244 150 1294 tis
166 1240 472 1304 constabat,
513 1245 750 1315 ingenue
774 1242 1022 1303 dicebat,
1060 1259 1159 1293 non
1181 1240 1315 1312 poſj}
1330 1241 1681 1310 absolutbref-

75 1312 320 1383 ponderi,
358 1332 472 1367 cum
486 1320 653 1368 multa
679 1317 807 1367 oriri
831 1314 1014 1384 poffi'nt
1029 1332 1142 1385 quae
1158 1327 1254 1384 pro
1280 1315 1406 1366 bono
1419 1314 1528 1377 sint
1553 1316 1683 1382 aesti-

77 1386 267 1439 manda
282 1426 294 1445 ‚
336 1387 546 1458 ideoque
561 1388 855 1454 hujusmodi
868 1389 1186 1438 varietatem
1197 1389 1419 1439 arbitrio
1434 1389 1548 1439 viri
1559 1387 1680 1440 boni

76 1457 431 1513 dirimendam.
470 1462 496 1498 h
536 1461 721 1513 Multa
745 1459 1025 1532 eleganter
1051 1458 1301 1512 tractavit
1328 1495 1343 1521 ,
1397 1459 1489 1512 sed
1515 1461 1590 1514 ita
1617 1476 1675 1515 ut
1695 1482 1720 1521 h
1747 1485 1911 1535 219&

73 1532 242 1585 verba
259 1537 437 1603 potius
452 1534 557 1594 rei,
598 1551 760 1604 quam
786 1551 902 1585 rem
929 1533 1112 1586 verbis
1137 1547 1359 1604 cogeret
1383 1534 1642 1588 inservire
1660 1576 1672 1598 ,
1695 1549 1766 1575 ann·
1782 1535 1846 1588 teg.

75 1609 260 1658 omnia
278 1605 484 1675 semper
498 1605 565 1657 ad
578 1607 888 1676 aequitatem
905 1640 918 1666 ,
960 1623 1121 1675 quam
1148 1606 1533 1677 praecipueprae
1545 1624 1675 1662 ocu-

71 1676 138 1730 lis
151 1675 344 1743 habuit
357 1675 682 1732 deflectens:
722 1677 887 1730 breve
913 1679 1253 1730 &concisum
1269 1678 1676 1748 dicendigeuus

73 1749 287 1802 secutus
302 1750 404 1807 est,
444 1748 707 1802 &omiffis
722 1750 1037 1819 vulgaribus
1052 1768 1165 1819 quae
1180 1764 1311 1802 nota
1327 1764 1482 1802 erant
1510 1755 1674 1806 etiam

75 1821 145 1877 iis
162 1822 252 1889 qui
278 1818 359 1889 jus
374 1819 695 1891 primoribus
724 1834 936 1871 tantum
965 1819 1127 1895 labris
1153 1819 1536 1889 degustassent,
1574 1829 1675 1876 mi-

76 1910 176 1948 nus
192 1905 324 1945 nota
339 1897 390 1945 &
404 1891 711 1946 sublimiora
726 1891 1029 1963 plerunque
1045 1904 1254 1944 tantum
1280 1894 1458 1961 attigit
1472 1927 1485 1953 ‚
1529 1895 1676 1948 unde

74 1965 138 2020 fit
163 1980 223 2018 ut
248 1965 305 2018 in
337 1966 515 2019 multis
541 1965 920 2019 subobscurior
947 1962 1207 2017 videatur.
1252 1964 1425 2019 Certe
1454 1966 1671 2021 Alciato

74 2039 303 2093 assentiri
332 2057 443 2092 non
473 2039 675 2111 poffum
714 2052 726 2087 1
764 2037 944 2089 locum
982 2036 1258 2108 quendam
1285 2037 1701 2094 pandectarum
1729 2054 1925 2106 murga,

73 2111 154 2165 ita
182 2112 507 2182 explicanti,
549 2127 609 2165 ut
636 2111 924 2165 Scaevolam
943 2110 1223 2165 aClaudio
1242 2116 1258 2180 (
1279 2112 1547 2183 quemille
1564 2131 1667 2168 ma·
1687 2121 1722 2155 4·
1737 2107 1775 2141 C·
1796 2118 1828 2143 ¹·

75 2183 131 2237 le
146 2185 500 2239 Saturninum
515 2182 707 2255 vocat)
724 2186 931 2260 εἰρωνικῶς
957 2183 1442 2256 perstringiputet:
1480 2184 1505 2222 k
1534 2193 1705 2257 quink
1744 2222 1779 2256 L·
1799 2222 1926 2269 ,09³st

74 2260 259 2329 potius
283 2256 726 2326 jurisconsultum
755 2257 992 2310 nostrum
1018 2256 1266 2311 illicloci
1294 2259 1665 2314 reveraabin-
1687 2271 1853 2323 eandm:

77 2333 243 2402 genio
259 2333 633 2386 commendari
649 2331 892 2384 existimo
907 2369 918 2390 ‚
960 2331 1251 2403 locumque
1267 2332 1397 2384 illuc
1412 2335 1486 2385 ita
1502 2333 1669 2387 inter·
1689 2329 1790 2362 Dm·

76 2401 431 2472 metandum,
469 2404 693 2477 quidam
722 2404 884 2457 haeres
915 2403 1187 2457 institutus
1223 2420 1441 2477 rogatus
1469 2423 1582 2460 erat
1608 2421 1669 2462 ut

77 2473 242 2529 Titiae
257 2475 522 2532 cohaeredi
539 2493 712 2532 totam
728 2477 1096 2532 haereditatem
1112 2477 1416 2533 restitueret
1438 2518 1448 2538 ,
1473 2498 1662 2551 accep-

81 2549 153 2605 tis
177 2562 398 2604 centurn
426 2553 689 2616 nummi5‚
727 2550 1017 2607 decesserat
1007 2551 1145 2680 Xilla
1185 2566 1476 2626 antequam
1511 2552 1667 2607 daret

1538 2641 1663 2680 cen-
