2226 3164
250 237 265 262 t
300 227 337 261 ἰ·
359 237 411 272 53³
432 236 486 272 54·

250 276 447 326 ὕπαρχον.

252 329 347 362 Dom.

252 389 273 411 u
303 375 401 426 Agel.
422 374 478 411 lib.

253 441 264 461 1
278 440 341 476 5⁶⁶·
361 439 426 473 27.

253 625 274 648 2:
304 616 370 650 Cic.
382 612 414 650 in
424 620 485 651 Br.

249 675 265 702 ὗ

259 1631 280 1668 y
311 1620 379 1655 Cic.
393 1622 493 1656 Orat.

254 1682 309 1719 pro
321 1670 419 1718 Qin.

515 159 578 203 62
859 152 980 199 DE
1046 148 1844 216 V1T15JUR150;

511 241 573 294 sit
587 276 601 302 ,
631 245 679 294 ὃς
697 239 797 292 Lael
809 239 890 292 ius
906 236 1062 292 Felix
1076 237 1271 290 librum
1285 275 1299 302 ‚
1314 255 1480 311 quem
1495 237 1654 293 notas
1669 252 1894 311 quoque
1910 238 2113 312 aliquas

513 313 835 367 continuisse
853 310 1139 383 probabile
1155 309 1246 368 est.
1286 322 1323 355 ιι·

585 386 753 456 Cajns
770 385 1028 457 Aquilius
1047 381 1236 435 Gallus
1252 400 1420 457 eques
1435 385 1721 439 Romanus
1760 385 1790 437 a
1835 382 2113 455 QMutio

514 452 789 512 Pontifice
804 460 889 528 jus
905 458 1069 512 civile
1087 455 1277 510 didicit
1292 494 1306 520 ,
1321 476 1552 531 cumque
1569 471 1756 511 acutus
1771 462 1823 511 &
1839 459 2113 514 exercita·-

513 547 599 585 tus
616 530 1072 604 esset‚promptam
1089 535 1139 584 δε
1155 546 1393 602 paratam
1413 532 1465 584 in
1482 531 1692 601 agendo
1710 536 1763 585 &
1777 530 2115 603 responden·-

514 607 587 658 do
604 606 939 659 celeritatem
956 604 1271 658 consecutus
1285 603 1374 667 est,
1388 620 1409 645 x
1435 619 1599 677 atque
1613 623 1680 659 eo
1699 604 1857 675 padio
1874 602 2118 659 maximae

514 678 659 751 apud
678 679 935 749 populum
955 677 1185 730 Rom.in
1198 676 1421 746 judiciis
1437 684 1485 732 ὅ(
1506 676 1996 731 rebusForensibus
2009 675 2119 731 fuit

513 752 822 805 autoritatis
847 749 1011 803 Teste
1036 750 1380 822 Pomponio:
1415 752 1568 822 quod
1607 755 1659 803 δε
1700 767 1767 802 ex
1799 749 1979 802 nobili
2009 749 2117 817 hoc

513 825 803 879 Ciceronis
829 823 954 877 loco
974 822 1242 877 discimus.
1320 822 1659 899 Qapropter
1684 822 1965 875 hoedicam
1981 837 2117 874 nun-

514 915 667 970 qnam
693 897 804 967 ejus
842 896 1212 950 aneioritatem
1251 898 1470 949 nimium
1484 899 1662 950 valere
1675 932 1690 958 ,
1733 894 2121 966 cnjusprnden-

515 974 648 1025 tiam
665 970 799 1040 Pop.
816 971 963 1023 Rom.
982 972 1037 1022 in
1052 971 1282 1023 cavendo
1300 987 1399 1023 non
1418 975 1474 1022 in
1488 969 1784 1042 decipiendo
1796 968 2124 1039 perspexerit

515 1046 606 1116 qni
605 1044 757 1115 juris
773 1042 976 1095 Civilis
989 1045 1242 1095 rationem
1258 1059 1520 1112 nunquam
1535 1044 1600 1095 ab
1615 1046 1864 1112 aequitate
1877 1041 2123 1110 sejunxe-

515 1119 615 1174 rit,
634 1118 724 1188 qni
739 1127 818 1169 tot
834 1133 997 1169 annos
1012 1117 1278 1187 ingenium
1294 1149 1307 1173 ,
1331 1113 1552 1167 laborem
1566 1113 1744 1183 ‚fldem
1757 1111 1917 1180 suam
1934 1112 2122 1183 populo

517 1191 675 1242 Rom:
685 1201 997 1261 promptam,
1022 1187 1395 1259 expositamque
1430 1188 1726 1259 praebuerit.
1806 1184 1930 1259 Qi
1942 1188 2024 1238 ita
2027 1186 2122 1255 ju-

501 1261 621 1333 stus
643 1259 707 1319 ἐν’
731 1261 889 1315 bonus
905 1263 995 1313 vir
1025 1261 1091 1331 est
1117 1272 1179 1314 nt
1207 1274 1431 1323 natura,
1458 1278 1558 1314 non
1595 1258 1870 1330 disciplina
1908 1256 2123 1323 Consul-

517 1345 606 1386 ἵεις
633 1333 726 1403 effe
753 1335 1023 1387 videatur:
1053 1337 1133 1387 ita
1167 1335 1371 1404 peritus
1386 1351 1447 1385 ac
1452 1332 1708 1405 prudens,
1734 1343 1794 1385 nt
1811 1349 1884 1401 eae
1885 1331 2007 1400 jure
2024 1331 2121 1383 Ci-

517 1407 652 1465 vili,
679 1422 779 1457 non
780 1407 1018 1473 scientia
1036 1406 1206 1471 solnm
1226 1406 1457 1474 quaedam
1472 1441 1487 1466 ,
1512 1421 1696 1458 verum
1721 1406 1882 1457 etiam
1895 1403 2124 1466 bonitas,

517 1489 647 1530 nata
665 1478 929 1539 videatur,
945 1477 1097 1549 cnjus
1123 1487 1332 1530 tantum
1362 1475 1429 1544 est
1454 1479 1750 1548 ingenium,
1779 1479 1860 1530 ita
1885 1487 2123 1548 prompta

504 1550 670 1620 fides,
700 1561 760 1604 ut
788 1551 1171 1623 quicquidinde
1195 1548 1420 1602 haurias·
1435 1585 1449 1610 ,
1485 1564 1672 1619 purum
1697 1550 2053 1620 liquidumque
2072 1559 2125 1604 te

519 1623 734 1677 haurire
752 1625 980 1692 sentias.
1019 1642 1042 1680 y
1082 1623 1209 1677 Fuit
1222 1636 1405 1675 autem
1446 1622 1534 1674 hic
1576 1621 1995 1686 jurisconsultus
2011 1656 2026 1685 ,
2066 1622 2125 1676 in

519 1697 654 1767 juris
684 1695 1068 1765 quaestionibus
1109 1692 1576 1748 exercitatiffimus
1591 1730 1606 1755 ,
1639 1712 1762 1747 nam
1804 1693 2128 1764 quaestiones

521 1768 643 1820 fasti
668 1767 696 1818 a
714 1769 763 1819 se
790 1766 857 1818 ad
874 1781 1120 1820 oratores
1135 1766 1437 1837 ablegabat.
1456 1766 1606 1836 quod
1622 1766 1827 1820 Cicero
1842 1766 1928 1818 his
1945 1766 2127 1822 verbis

520 1852 725 1892 narrat:
768 1838 934 1892 Nihil
955 1838 1051 1890 hoc
1077 1838 1242 1908 adjus
1258 1875 1270 1894 ‚
1296 1838 1368 1890 ad
1390 1839 1687 1889 Ciceronem
1721 1837 1967 1908 inquibat
1999 1837 2128 1891 Gal-

519 1911 604 1963 lus
620 1910 780 1980 noster
792 1949 804 1970 ‚
814 1909 994 1980 stqui's
1007 1909 1078 1962 ad
1090 1926 1202 1961 euin
1241 1910 1372 1978 quid
1392 1908 1500 1961 tale
1525 1909 1777 1963 retulerat
1791 1947 1802 1965 ‚
1833 1921 1893 1962 ut
1906 1910 1965 1963 de
1963 1908 2125 1981 fat‘i'o

479 1998 492 2004 ·
520 1994 849 2055 quaereretur.
892 1994 913 2018 Ζ
953 1984 1038 2034 Ab
1058 1982 1164 2034 hoc
1191 1982 1430 2033 maximo
1448 1983 1570 2034 viro
1601 1984 1658 2035 in
1678 1982 1813 2052 juris
1839 1982 2125 2054 dilciplina

519 2055 923 2109 fuitinstruc'tus
949 2055 1167 2108 Servius
1199 2053 1462 2124 Sulpitius
1483 2089 1496 2116 ,
1536 2068 1597 2107 ut
1623 2055 1880 2127 scripturn
1896 2056 2125 2128 reliquit

519 2129 862 2200 Pomponius
877 2165 891 2191 ,
932 2128 1081 2198 cujus
1095 2127 1278 2179 locum
1294 2127 1431 2179 male
1449 2127 1739 2181 emendare
1755 2144 1985 2183 conatur
2002 2130 2125 2186 Ber—

523 2203 744 2255 trandus
771 2222 781 2254 :
824 2219 948 2254 nam
975 2200 1130 2272 quod
1157 2200 1252 2253 ille
1284 2205 1357 2253 ait
1382 2203 1512 2253 artis
1539 2203 1792 2254 oratoriae
1822 2204 1976 2255 causa
1999 2201 2121 2255 Ser-

524 2279 671 2327 vium
691 2274 920 2346 Aquilio
937 2279 987 2326 &
1005 2273 1176 2326 Balbo
1193 2289 1412 2343 operam
1425 2273 1622 2326 dediffe
1637 2308 1652 2334 ,
1693 2272 1748 2326 id
1766 2273 1875 2344 ipse
1901 2273 2126 2327 Cicero-

526 2348 636 2407 nis,
677 2365 843 2418 quem
877 2345 1108 2403 adduxi,
1151 2346 1302 2399 locus
1331 2382 1346 2408 ,
1397 2345 1612 2400 abunde
1642 2345 1847 2398 refellit
1871 2382 1887 2407 ,
1937 2345 2124 2401 laudat

527 2420 674 2471 enim
692 2422 896 2473 Cicero
913 2419 1243 2489 Aquiliuma
1273 2419 1716 2491 promptitudine
1746 2420 1799 2471 in
1829 2418 2045 2487 agendo
2072 2423 2126 2473 &

526 2492 909 2562 respondendo
924 2527 939 2552 ,
977 2496 1222 2563 itemque
1239 2493 1459 2546 Balbum
1476 2493 1504 2543 a
1521 2491 1854 2545 considerata
1869 2492 2124 2546 tarditate

469 2601 471 2603 ·
529 2565 586 2617 in
606 2580 833 2636 utraque
848 2583 902 2619 re
921 2586 931 2616 :
949 2582 1065 2635 quae
1084 2564 1578 2638 lausJurisconiulti
1594 2583 1707 2621 non
1722 2564 1972 2620 Oratoris
1985 2582 2119 2637 prem

1945 2650 1949 2653 ·
2004 2636 2123 2708 pria
