2226 3164
266 2101 290 2123 n
318 2084 400 2122 Ptin.
417 2083 473 2121 lib.

271 2144 303 2175 8.
315 2139 376 2187 Ep.
395 2150 451 2183 ¹4·

267 2249 289 2287 p
316 2237 402 2274 Idem
419 2236 476 2276 lib.

275 2303 304 2338 5.
319 2291 381 2338 Ep.
401 2304 431 2339 5.

269 2351 292 2387 q
320 2342 432 2389 L.40-
465 2341 503 2378 de

268 2399 383 2442 recept.
403 2392 476 2431 arb.

523 174 612 205 ιη
826 157 1815 225 DEV1T1SJURlse.

515 255 768 319 quantum
784 263 948 298 rerum
967 244 994 299 ,Ρ
1040 257 1291 318 quantum
1308 247 1648 319 exemplorum
1664 245 1691 300 ἲ
1705 255 1956 319 quantum
1971 250 2115 301 anti-

514 323 740 392 quitatis
756 329 896 371 tenet
916 317 942 372 ,ἲ
983 319 1204 382 nihilesl
1219 321 1356 396 quod
1365 322 1557 390 discere
1575 320 1714 373 velis
1741 320 1879 392 quod
1907 318 1998 372 ille
2035 321 2120 374 do-

513 411 624 445 cere
638 410 736 445 non
756 391 899 460 poffit
914 428 927 453 ,
955 392 1088 444 mihi
1102 405 1237 446 certe
1266 398 1468 466 quoties
1491 394 1699 466 aliquid
1721 393 1955 447 abditum
1981 411 2117 465 quae-

514 485 569 519 ro
585 502 599 527 ,
616 467 703 518 ille
722 465 1021 527 Thesaurus
1035 465 1115 535 est.
1129 463 1264 535 Jam
1277 479 1476 539 quanta
1480 468 1806 540 sermonibus
1823 468 1934 539 ejus
1937 465 2074 536 fides
2091 467 2121 522 ,ἲ
2211 453 2213 455 .

513 550 714 612 quanta
741 538 1034 592 auft'oritas
1052 539 1079 593 ?
1132 556 1284 615 quarn
1301 539 1469 611 preffa
1499 539 1561 599 &¹
1598 541 1780 594 decora
1808 541 2075 594 cunbiatio
2095 539 2123 594 ἒ

514 612 646 684 quid
666 611 734 679 esi
749 611 885 683 quod
894 629 993 664 non
1003 612 1181 678 statim
1193 612 1330 678 sciat
1351 613 1379 667 ,Ρ
1405 612 1483 672 ’ὅγ’
1511 626 1683 667 tamen
1703 613 2002 685 plerumque
2015 613 2125 665 hae-

507 684 650 754 sitat.
690 684 934 737 Dubitat
957 685 1258 753 diverfita'te
1282 689 1545 741 rationum
1561 723 1575 749 ,
1598 704 1728 758 quas
1752 689 1866 751 acri
1909 703 2122 758 magno-

516 775 612 830 que
628 757 830 828 judicio
847 757 913 811 ab
942 761 1168 833 origine,
1194 759 1450 832 causisque
1475 765 1693 831 repetit,
1717 757 1998 826 discernit,
2036 774 2127 812 ex-

515 830 726 902 pendit:
754 833 827 884 ad
840 830 952 883 haec
965 850 1120 904 quam
1140 846 1333 902 parcus
1371 838 1427 887 in
1443 834 1595 887 victu
1611 850 1765 905 quam
1802 833 2031 887 modicus
2067 833 2127 887 in

518 903 708 966 Cultu,
735 909 788 957 δε
812 903 1017 959 deinde
1043 906 1214 960 addit.
1281 907 1457 961 Ornat
1471 906 1582 959 haec
1595 906 1897 978 magnitudo
1926 907 2125 967 animi,

517 994 631 1049 quae
659 976 805 1030 nihil
824 978 898 1031 aa'
918 977 1331 1047 ostentationem,
1364 983 1536 1033 omnia
1554 980 1626 1033 ad
1648 980 2020 1046 conscientiam
2043 995 2126 1030 re-

501 1050 657 1122 fert:
685 1050 920 1123 recteque
944 1049 1097 1122 fabii
1123 1067 1223 1103 non
1258 1068 1325 1102 ex
1348 1051 1525 1121 populi
1556 1051 1788 1117 sermone
1827 1050 2134 1112 mercedem,

513 1123 608 1189 fied
618 1142 685 1176 ex
685 1123 844 1195 fatto
862 1123 1015 1193 petit.
1073 1123 1140 1175 In
1155 1123 1364 1191 summa
1392 1141 1492 1176 non
1494 1124 1669 1191 facile
1694 1125 1813 1196 quis
1838 1139 2130 1195 quenquam

522 1214 590 1248 ex
606 1196 718 1266 istis
743 1199 834 1269 qui
844 1197 1127 1267 sapientia>
1125 1196 1359 1265 studium
1383 1196 1572 1250 habitu
1590 1209 1819 1267 corporis
1834 1210 1944 1265 prae
1959 1195 2129 1265 sefe-

519 1281 643 1322 runt
669 1268 796 1321 huic
812 1271 932 1321 viro
948 1271 1295 1339 comparavit.
1376 1270 1462 1322 En
1494 1271 1594 1324 viri
1626 1269 2130 1342 boni&Juriscon-
2197 1328 2203 1332 ἢ

520 1341 648 1394 sulti
675 1343 1229 1412 eximiiexemplum,
1258 1344 1554 1414 quiveram
1583 1342 1733 1394 illam
1751 1359 1864 1394 non
1896 1342 2131 1394 fucatam

521 1412 939 1484 Philosophiam
968 1415 1197 1473 secutus,
1226 1417 1283 1466 in
1314 1427 1435 1485 toga
1455 1415 1779 1486 negotiisque
1804 1412 2131 1485 verflztusaess

523 1485 555 1558 ζ
559 1500 616 1539 ut
645 1485 788 1540 idem
829 1486 1036 1540 Plinius
1063 1485 1293 1559 subdit)
1323 1488 1511 1540 multos
1547 1487 1919 1550 advocatione,
1953 1487 2132 1559 plures

524 1558 726 1626 confilio
744 1561 931 1631 juvit:
966 1560 1188 1632 longam
1208 1564 1370 1615 etiam
1399 1568 1448 1615 &
1493 1562 1829 1630 pertinacem
1858 1559 2130 1614 valetudi-

521 1650 648 1687 nem
665 1651 854 1706 magna
871 1634 1139 1705 patientia
1165 1633 1424 1688 toleravit
1440 1673 1453 1691 ,
1478 1633 1642 1686 filiam
1661 1650 1888 1703 quoque
1901 1634 2128 1686 amicam

523 1704 759 1757 habuisse
774 1724 841 1757 ex
858 1707 1050 1760 eadem
1066 1706 1306 1774 Epistola
1330 1705 1637 1775 colligitur,
1667 1705 1826 1772 hujus
1843 1705 2096 1776 Juriscon
2109 1731 2130 1744 ·

523 1774 651 1826 sulti
668 1775 830 1827 nostri
847 1775 1152 1827 auetoritati
1182 1783 1231 1830 ὅ(
1257 1777 1388 1830 alibi
1415 1778 1561 1829 1dem
1577 1776 1762 1829 austor
1777 1778 2009 1829 multum
2027 1778 2126 1830 tri-

525 1846 670 1905 buit,
701 1846 869 1900 refert
896 1849 1043 1900 enim
1059 1846 1125 1898 ad
1145 1847 1706 1900 cumcontroverfiam
1733 1846 1938 1916 dejure
1956 1849 2123 1904 Sena-

522 1920 674 1972 torio
697 1933 827 1972 tunc
865 1917 1132 1989 temporis
1173 1918 1289 1972 fere
1305 1919 1550 1972 absoleto
1569 1959 1580 1976 ‚
1614 1925 1666 1972 ὃς
1692 1919 1757 1973 ab
1781 1920 1899 1992 ipso
1915 1922 2129 1983 erudiri

523 1993 768 2063 expetit,
794 1994 886 2065 qui
906 1991 984 2060 fic
1001 1992 1128 2060 jura
1156 1990 1388 2045 Publica
1415 2003 1474 2045 ut
1504 1990 1779 2054 Privata,
1795 1992 1874 2061 stc
1900 1997 2128 2068 antiqua

521 2076 579 2118 ut
594 2068 850 2127 recentia,
868 2065 941 2131 stc
969 2082 1091 2117 rara
1120 2075 1180 2118 ut
1205 2065 1411 2131 adfidua
1439 2064 1708 2119 tractaret.
1755 2084 1778 2107 ο
1817 2066 2036 2123 Deinde
2076 2074 2129 2122 δι’

520 2137 667 2193 idem
684 2138 736 2191 se
755 2140 998 2193 virorum
1033 2139 1396 2192 maximorum
1412 2140 1681 2210 ‘exemplo
1699 2141 1916 2194 excusat
1932 2177 1946 2203 ,
1973 2142 2128 2213 quod

524 2213 703 2265 versus
731 2217 783 2266 ὃς
807 2211 1013 2267 faceret
1057 2213 1390 2267 &recitaret
1438 2247 1460 2285 p
1499 2211 1805 2265 Perveniffe
1822 2213 1968 2265 hunc
1996 2215 2125 2267 Ari-

524 2284 733 2338 stonem
752 2285 819 2339 ad
848 2289 1106 2339 summam
1123 2286 1452 2341 seneetutem
1466 2324 1477 2343 ‚
1497 2284 1627 2339 inde
1644 2284 1858 2355 colligit
1877 2285 2127 2339 Bertran-

524 2357 652 2420 duS,
680 2359 833 2430 quod
863 2357 1098 2412 Caffium
1126 2358 1384 2414 audivisse
1411 2361 1635 2430 legatur.
1676 2378 1699 2415 q
1737 2356 1945 2411 Verum
1985 2359 2125 2413 illud

525 2447 906 2503 argumentum
923 2471 934 2491 ‚
963 2448 1096 2504 pace
1114 2434 1255 2486 tanti
1279 2434 1387 2487 viri
1403 2431 1634 2486 dixerim
1650 2465 1664 2490 ‚
1692 2432 1924 2484 omnino
1941 2430 2016 2484 est
2038 2435 2122 2484 in-

527 2503 782 2561 validum,
802 2504 1002 2559 Verum
1018 2503 1238 2574 quidem
1263 2506 1367 2567 est,
1394 2503 1542 2576 quod
1570 2504 1661 2555 ille
1703 2507 1804 2562 ait,
1837 2508 1980 2558 inter
2017 2502 2121 2556 Ti-

528 2576 695 2639 berii,
722 2575 816 2630 sub
858 2597 971 2650 quo
1013 2575 1214 2636 Caffius
1242 2578 1453 2635 Consul
1482 2575 1620 2639 fuit,
1648 2581 1700 2631 &
1739 2575 1960 2647 Trajani
1997 2591 2122 2628 aeta-

1570 2670 1573 2673 ·
2015 2663 2126 2702 tem
