2226 3164
575 103 760 149 LIB.
828 102 866 146 1.
933 100 1132 147 CAP.
1202 104 1327 149 XII.
1681 129 1747 176 99

156 184 454 261 quamfuit.
494 184 615 238 Imo
631 182 994 252 fiPomponio
1011 181 1280 236 credimus
1299 188 1460 239 etiam
1479 189 1606 244 Con
1616 192 1749 248 sula-

157 278 275 317 tum
306 254 697 330 suffe&umipfi
711 254 915 308 obtulit
940 254 1250 326 Augustu8‚
1288 275 1453 327 quem
1482 261 1576 312 ille
1604 282 1752 334 gere-

156 354 215 390 re
233 334 526 389 recusavit:
571 328 663 384 sed
677 344 783 400 ego
798 330 854 379 in
871 326 972 380 hac
991 333 1213 382 materia
1230 332 1269 380 Ἰ
1282 330 1446 391 acit0,
1461 333 1552 402 qui
1568 340 1753 392 omnia

154 409 472 481 Principum
487 422 675 462 arcana
691 402 751 456 in
766 414 1052 457 numerato
1068 401 1259 456 habuit
1271 440 1285 464 ,
1331 409 1380 457 &
1396 403 1486 456 illa
1503 418 1753 478 tempora

153 482 381 552 propius
395 482 608 552 attigit,
651 477 840 549 potius
870 474 1196 531 crediderim
1216 515 1229 536 ,
1270 494 1384 528 non
1416 476 1641 534 obscure
1660 487 1750 550 ju-

142 552 362 604 -dicanti
383 552 681 622 Augustum
708 548 839 602 sicut
866 550 1181 604 Labeonem
1209 550 1349 603 male
1364 549 1623 605 muletare
1647 573 1751 606 no-

148 624 252 677 luit
284 658 299 685 ,
349 627 423 677 ita
450 623 519 677 ad
548 622 809 676 summum
851 621 1121 676 honorem
1139 622 1495 678 acceffumilli
1524 626 1751 697 negasse,

149 695 589 767 verbaejusloco
608 695 766 767 supra
789 695 848 748 in
881 695 1189 768 Capitione
1218 697 1389 749 citato
1429 717 1454 741 n
1491 696 1603 752 haec
1627 699 1791 754 sunt¹¹
1818 704 1896 743 Tac·
1919 706 1976 744 lib-

148 770 402 843 Capitoni
416 769 755 839 Consulatum
782 768 1168 823 acceleraverat
1195 769 1466 841 Augustus
1483 807 1498 833 ,
1539 782 1599 825 ut
1629 772 1748 827 La·
1770 767 1885 804 mm·

145 843 351 898 beonem
378 842 678 912 Antistium
706 842 891 914 iisdem
917 843 1124 897 artibus
1152 843 1533 915 praecellentem
1566 846 1754 919 digna.

142 912 288 970 tione
301 915 416 987 ejus
429 915 783 987 Magistratus
795 918 1026 969 anteiret
1043 938 1054 969 :
1085 913 1148 972 ὅν
1159 916 1336 986 postea
1349 915 1438 968 illi
1449 921 1589 989 quod
1598 921 1750 975 Prae-

139 999 320 1042 turam
345 990 492 1040 intra
503 989 662 1056 stetit
687 988 1057 1041 commendatio
1080 1006 1148 1040 ex
1176 987 1380 1059 injuria
1403 1024 1419 1052 ‚
1463 990 1590 1044 huie
1616 997 1756 1067 quod

138 1059 484 1128 Consulatum
521 1059 740 1131 adeptus
778 1059 847 1128 est
898 1057 1068 1114 odium
1106 1079 1175 1113 ex
1214 1063 1430 1114 invidia
1468 1066 1748 1124 oriebatur.

134 1132 322 1203 Qam
351 1132 619 1204 praestanti
646 1133 737 1186 hic
766 1133 851 1186 vir
876 1132 1192 1188 doetrina&
1223 1134 1452 1207 ingenio
1480 1137 1651 1193 fuerit
1675 1159 1747 1196 ex

134 1204 225 1260 his
242 1206 446 1279 Agellii
468 1207 649 1261 verbis
664 1206 845 1279 palam
860 1205 924 1261 fit
937 1243 953 1270 ,
993 1206 1150 1260 Labeo
1167 1207 1454 1281 Antistius·
1458 1210 1602 1280 juris
1624 1217 1744 1284 qui-

132 1279 249 1333 dem
275 1278 462 1331 civilis
489 1279 822 1350 disciplinam
846 1281 1138 1351 principali
1172 1281 1348 1350 studio
1399 1286 1634 1337 exercuit
1675 1285 1741 1344 ὠ

136 1348 523 1419 consulentibus
544 1352 605 1403 de
623 1352 746 1421 jure
763 1352 969 1421 publice
995 1352 1384 1420 responfitavit,
1434 1365 1738 1410 caeterarum

133 1440 328 1497 quoque
342 1422 589 1477 bonarum
600 1425 798 1477 artium
812 1440 912 1475 non
924 1436 1105 1495 expers
1104 1422 1256 1494 fuit,
1306 1421 1370 1481 ὠ
1397 1427 1455 1478 in
1469 1444 1737 1497 gramma-

131 1495 419 1563 ticamsese
430 1506 589 1566 atque
611 1495 943 1548 dialecticam
967 1496 1279 1568 litterasque
1303 1501 1629 1569 antiquiores
1653 1504 1732 1553 al-

131 1568 392 1641 tioresque
414 1578 813 1640 penetraverat,
838 1567 1264 1641 Latinarumque
1291 1587 1475 1625 vocum
1503 1575 1732 1645 origines

128 1641 458 1713 rationesque
483 1640 838 1712 percalluerat
859 1677 876 1702 ,
928 1645 1365 1711 eaquepraecipue
1390 1643 1630 1708 scientia
1664 1647 1740 1699 ad
1787 1660 1790 1663 “

127 1714 416 1768 enodandos
417 1713 689 1784 plerosque
692 1713 835 1783 juris
849 1713 1060 1785 laqueos
1075 1709 1333 1766 utebatur.
1378 1726 1402 1750 0
1439 1711 1730 1773 Reeieita-
1751 1736 1775 1759 0
1803 1723 1985 1774 agema,

127 1803 234 1856 que
247 1783 595 1854 Pomponius
612 1800 766 1843 eum,
806 1785 1006 1836 fiducia
1020 1784 1570 1857 do&ri11ae&ingenii
1592 1808 1727 1861 qua·
1757 1787 1936 1824 ¹³⁶⁶·10’

130 1861 317 1919 litate,
356 1855 871 1928 plurimainnovare
897 1854 1124 1910 statuiffe
1149 1855 1320 1910 refert
1331 1882 1352 1916 ,-
1394 1877 1576 1931 neque
1611 1863 1729 1932 ejus

131 1935 209 1987 rei
237 1929 569 1984 luculentius
596 1925 968 1982 testimonium
995 1927 1177 1982 afferri
1201 1929 1381 1999 potest
1394 1949 1557 2002 quam
1573 1936 1726 2005 quod

132 2003 532 2076 quadringenta
548 2001 832 2056 volumina
845 2000 1116 2073 reliquisse
1145 2004 1420 2057 memoriae
1444 2005 1724 2076 proditum

131 2078 224 2142 fit,
262 2077 409 2131 unde
424 2075 726 2130 Petronius.

350 2149 535 2221 Atque
548 2148 644 2219 esto
659 2147 935 2221 quicquid,
961 2147 1289 2203 Serviusaut
1314 2148 1505 2203 Labeo.

133 2223 338 2296 Neque
354 2224 533 2277 minus
549 2221 788 2276 dicendo
815 2239 976 2296 quam
991 2222 1275 2277 scribendo
1300 2240 1521 2296 operam
1537 2223 1709 2288 dedit,

135 2297 211 2350 ita
237 2297 385 2349 enim
410 2314 611 2351 annum
637 2295 894 2350 diviserat
913 2311 973 2351 ut
988 2298 1075 2352 sex
1089 2296 1356 2352 mensibus
1385 2299 1578 2351 Romae
1591 2317 1710 2354 cum

134 2368 375 2422 studiosis
388 2369 515 2425 esset
530 2409 544 2430 ,
562 2370 652 2423 sex
667 2370 934 2424 menfibus
948 2370 1221 2426 secederet
1236 2376 1288 2425 ὃς
1310 2389 1409 2425 con
1418 2371 1714 2427 scribendis

118 2442 284 2496 ‘libris
300 2459 523 2513 operam
539 2442 694 2498 daret
712 2458 761 2496 :P
782 2444 970 2500 habuit
982 2460 1168 2500 autem
1182 2445 1367 2500 Labeo
1382 2446 1562 2499 noster
1575 2465 1708 2500 uxo·
1732 2460 1754 2499 Ρ
1772 2450 1919 2507 ,L·,2·⁶12

135 2533 248 2569 rem
267 2554 281 2578 ,
309 2533 425 2570 non
437 2515 720 2572 Vestiliam
737 2557 752 2581 ,
793 2533 854 2573 ut
880 2519 1128 2645 Ruguus
1154 2520 1355 2592 putass'e
1380 2518 1711 2647 videtffi-‚sed
1730 2513 1891 2553 ong.7ur.

1079 2611 1106 2645 2
1593 2609 1708 2646 era-
