2226 3164
270 797 286 821 s
315 785 422 834 Steph.

270 837 346 888 mg>
365 836 502 875 πόλεων.

279 2158 292 2196 l
322 2161 362 2195 L.
384 2173 415 2207 3.
431 2157 468 2194 de

281 2210 441 2297 {lubriscum
458 2223 518 2246 em.

283 2322 297 2347 t
324 2312 363 2347 L.
380 2324 410 2347 1.
425 2314 518 2347 Com-

281 2361 432 2398 modunl.
452 2375 482 2398 1.

282 2411 365 2463 quod
374 2421 447 2449 met.

284 2464 368 2512 caus.

284 2525 307 2548 u
335 2516 466 2565 Eutrop.

281 2562 335 2601 ab.
350 2571 385 2602 3.

519 126 623 175 144
807 106 922 155 DE
989 104 1776 174 v1TlsJUR1so

660 269 822 325 Τὲτον
852 265 1065 324 Ῑέλιοινὶν
1093 276 1263 341 νομικῆς
1290 271 1454 343 φάβα
1489 273 1635 332 εἷπον,
1662 264 1816 346 ι’ὃέζοιι

662 343 816 410 ”Ρωμη
847 345 914 409 ιφῖχ
937 344 1086 418 Βεξόη,
1132 340 1273 404 mir&
1299 347 1408 402 θεδς
1434 341 1605 404 ὃύνοιῗέιι
1624 379 1640 406 ,

595 491 706 547 Sed
721 508 824 562 ego
845 496 893 546 ei
920 509 1020 564 pro
1049 488 1119 553 »4921
1149 490 1284 568 Βέςέη
1311 493 1601 563 reponenti
1629 490 1848 565 Begu'r&
1863 490 2121 550 adsentiri
2154 484 2156 487 ’
2205 537 2217 546 .

521 584 633 620 non
659 562 865 637 possum
880 602 894 627 ,
923 582 1046 618 nam
1063 563 1167 618 hoc
1181 564 1218 617 fi
1232 565 1322 619 fiat
1340 571 1387 620 &
1403 565 1641 618 elumbes
1657 563 1758 617 fint
1774 567 2000 622 numeri,
2022 584 2122 620 ne-

522 657 629 711 que
645 640 768 709 satis
783 639 1049 691 cohaereat
1063 638 1330 691 sententia
1343 674 1357 700 ,
1387 638 1500 691 imo
1518 644 1565 692 ὃς
1583 637 1769 690 frustra
1786 637 1874 690 hic
1888 636 2123 693 adfecta-

523 727 610 765 tur
628 709 942 763 emendatio
957 728 1078 763 cum
1094 715 1145 764 &
1161 714 1267 782 ipsa
1280 711 1406 764 urbs
1425 711 1655 782 Berytus
1669 710 1804 762 olim
1834 710 2045 763 Beroea
2070 715 2126 764 δε

526 785 698 837 Beroe'
716 782 857 836 dicta
871 783 1038 838 fuerit
1054 815 1066 837 ,
1097 783 1227 837 teste
1241 783 1539 856 Stephano,
1576 800 1594 823 r
1632 781 1853 835 Deinde
1869 800 1971 835 nec
1987 781 2131 837 illud

526 857 867 929 Epigramma
890 856 997 911 huc
1023 856 1251 929 spectat,
1293 874 1471 928 neque
1502 859 1647 909 enim
1676 853 1735 908 id
1765 857 1821 908 in
1845 855 2130 927 Julianum

527 930 668 983 hunc
686 929 924 999 nostrum
941 931 1195 999 scriptum
1217 930 1320 992 est,
1359 929 1451 983 sed
1483 933 1541 983 in
1569 928 1882 982 Gabrielem
1901 967 1912 986 ‚
1955 946 2126 1000 quem

528 1004 758 1057 alterum
776 1002 1061 1073 Julianum
1090 1004 1255 1053 Poeta
1280 1003 1555 1051 nominat:
1596 1007 1648 1050 ὃ(
1674 1016 1999 1068 argumento
2026 1000 2130 1062 est,

529 1074 684 1148 quod
712 1075 921 1129 nullum
950 1074 1147 1127 lemma
1176 1072 1340 1126 habet
1366 1069 1638 1143 praefixum
1664 1105 1679 1131 ,
1719 1070 1868 1122 unde
1897 1071 2132 1125 eandem

527 1143 652 1202 'cum
670 1147 1009 1219 praecedente
1040 1148 1439 1218 Epigrammate
1469 1144 1752 1215 personam
1769 1157 1992 1215 tangere
2011 1145 2134 1212 col<

532 1221 738 1293 ligitur.
782 1219 1012 1273 Accedit
1037 1219 1188 1292 quod
1210 1219 1437 1290 Berytus
1453 1217 1546 1269 sub
1562 1215 2135 1289 HadrianoJurispru-'
2208 1244 2211 1245 ⁷

535 1293 787 1346 dentium
805 1292 988 1345 schola
1002 1293 1250 1345 nondum
1266 1291 1487 1353 claruit,
1527 1289 1620 1343 sed
1646 1290 1824 1343 multo
1851 1289 1971 1360 post
1997 1305 2133 1344 tem-

536 1383 673 1436 pore
689 1385 704 1415 :
745 1371 796 1418 &
813 1365 952 1417 hanc
966 1364 1183 1435 quidem
1201 1364 1642 1418 observationem
1659 1364 1871 1415 summae
1896 1361 2138 1435 dignita-

536 1438 638 1498 τίς,
677 1436 1324 1509 ingeniiexquifitifi'lmi,
1367 1441 1419 1488 ὃ(
1438 1435 2038 1490 rariffimaeeruditlonis
2063 1435 2138 1491 vi·

537 1528 600 1563 ro
618 1509 755 1578 Iano
770 1509 1067 1582 Rutgerfio
1084 1545 1099 1572 ‚
1112 1511 1296 1583 magni
1311 1509 1605 1563 Succorum
1622 1514 1670 1562 &
1689 1509 2008 1562 Gothorum
2024 1509 2139 1563 Re-

537 1586 634 1655 gio
651 1583 795 1655 apud
811 1582 1128 1637 Foederatos
1143 1583 1363 1637 ordines
1379 1584 1563 1654 legato
1580 1622 1591 1642 ,
1631 1597 1906 1653 acceptam
1922 1599 2007 1634 me
2022 1581 2134 1635 fer-

537 1674 596 1709 re
626 1656 829 1710 debere
854 1656 1033 1709 libens
1056 1656 1345 1727 profiteor,
1386 1672 1549 1725 quem
1581 1655 1639 1705 in
1666 1654 1786 1724 ipso
1812 1653 2133 1708 aetatisflore

538 1729 778 1796 negotiis
794 1729 975 1794 regni,
1020 1730 1307 1796 &quoties
1322 1726 1387 1778 ab
1419 1729 1478 1777 iis
1497 1726 1891 1797 aliquantulum
1908 1726 2136 1781 vacabat

538 1798 841 1850 litterarum
869 1793 1055 1848 studiis
1083 1785 1495 1849 incumbentum
1520 1833 1535 1856 ,
1588 1813 1932 1867 praepropera
1969 1797 2137 1853 nobis

540 1887 715 1930 mors,
754 1885 953 1940 magno
996 1885 1113 1920 cum
1152 1870 1333 1939 patriae
1363 1884 1616 1930 rnaerooe,
1656 1868 1874 1940 eripuit.
1914 1868 2020 1922 Sed
2056 1888 2138 1925 re-

536 1941 764 1994 deundo
780 1940 1308 2012 adJurisconsultum
1325 1940 1592 2002 nostrum,
1632 1938 1848 1994 silentio
1876 1944 2134 2013 praeten‘ri

536 2032 652 2066 non
685 2013 852 2067 debet
876 2049 891 2075 ‚
931 2031 1093 2085 quam
1117 2014 1161 2066 is
1191 2015 1503 2085 Imperante
1529 2013 1814 2067 Hadriano
1840 2032 1986 2069 anno
2016 2016 2134 2087 ejus

543 2103 634 2157 15,
676 2088 732 2140 in
750 2086 1048 2140 condendo
1065 2086 1260 2140 Edicto
1276 2102 1545 2159 perpetuo
1560 2090 1843 2141 navaverit
1881 2106 2132 2161 operam,

538 2160 795 2214 nimirum
811 2159 980 2231 sparsa
997 2160 1291 2214 Praetorum
1319 2159 1506 2213 Edista
1523 2160 1902 2231 compiland0‚
1942 2161 2011 2215 de
2038 2163 2135 2216 suo

539 2234 702 2286 etiam
720 2232 954 2305 quaedam
973 2232 1260 2293 addendo,
1301 2234 1316 2269 s
1351 2234 1455 2287 alia
1483 2232 1855 2292 detrahendo,
1897 2234 2138 2288 nonnul-

541 2307 591 2358 la
629 2305 977 2379 corrigendo.
1017 2317 1034 2344 t
1075 2305 1327 2379 Denique
1364 2324 1465 2379 pro
1505 2305 1705 2360 Ediffls
1728 2304 2017 2358 Praetorum
2046 2324 2138 2360 an-

543 2382 662 2431 nuis
678 2397 736 2431 ac
754 2379 987 2450 proinde
1004 2380 1227 2434 incertis
1242 2420 1253 2439 ‚
1296 2395 1623 2451 perpetuum
1640 2383 1690 2431 δε
1707 2380 2000 2432 mutationi
2015 2397 2133 2433 non

541 2451 844 2504 obnoxium
881 2450 1252 2506 substituendo
1283 2452 1547 2506 Edictum.
1607 2452 1754 2505 Hinc
1783 2450 2075 2523 Eutropius
2110 2485 2135 2511 u

542 2522 763 2577 Salvius
784 2523 1046 2593 Julianus
1074 2525 1467 2598 Rempublicam
1494 2522 1687 2593 invasit
1715 2539 1865 2598 nepos
1895 2522 2133 2649 (veldst-

1913 2612 2012 2649 cun
2047 2612 2132 2650 um
