2226 3164
563 174 750 220 LIB.
819 163 1118 217 I.CA1³‡
1187 172 1250 218 V.
1645 186 1708 237 35·

111 263 346 320 natalem
368 273 460 315 aut
487 258 703 313 obitum
727 256 947 309 illiusin
965 255 1130 308 alium
1172 272 1374 308 annum
1414 258 1712 324 conjicien-

112 338 243 391 dum
259 350 523 406 putamus.
565 333 739 386 Certe
755 346 823 382 ex
840 326 1153 399 supradictis
1178 328 1309 380 locis
1336 343 1561 397 apparet
1576 347 1709 384 eun-

111 410 237 463 dem
255 409 491 462 Plinium
508 423 619 459 non
648 417 892 457 accurate
911 400 1094 474 loqui,
1121 400 1216 454 ubi
1240 400 1407 453 tradit
1435 399 1713 455 Catonem

109 499 256 535 anno
272 481 420 534 urbis
449 473 836 546 sexcentesimo
856 475 997 528 circa
1018 489 1199 546 captas
1219 472 1643 543 Carthaginem,
1662 481 1712 528 &

108 553 443 609 Corinthum
496 552 802 622 supremum
829 547 976 602 diem
1029 544 1290 600 clausfisse.
1331 556 1350 581 e
1389 544 1535 598 Illud
1564 546 1711 599 enim
1736 570 1753 594 e
1781 560 1934 598 plin-lib.

107 641 227 680 cum
245 622 737 695 aliqualatitudine
765 619 862 674 effe
884 619 1306 692 intelligendum
1335 616 1705 690 superiorPli-
1742 621 1890 657 ¹4·‘'·4·

109 698 191 750 nii
205 698 356 749 locus
374 697 612 757 evincit,
645 712 715 748 ne
733 694 844 766 ips-e
864 694 1038 746 secum
1058 710 1295 763 pugnare
1312 691 1588 755 credatur-3
1607 688 1714 743 Ve-

106 787 226 824 rum
242 769 311 822 ab
333 786 514 822 errore
537 769 903 822 excusarinon
945 764 1123 838 potest
1139 765 1361 824 Livius,
1402 781 1523 815 cum
1538 762 1712 815 Cato·

108 859 236 896 nem
254 840 600 913 nonagesimo
616 842 784 895 aetatis
800 858 946 893 anno
965 838 1192 892 Galbam
1209 836 1460 890 accusasse
1478 835 1674 895 scribit,
1701 846 1716 882 ί
1738 850 1760 887 f
1780 855 1856 889 129.
1870 854 1937 893 dec.

110 929 198 968 tot
211 916 356 968 enim
386 931 560 966 annos
582 928 641 967 ut
656 929 721 966 ex
751 914 1029 985 superiore
1047 910 1439 983 supputatione
1456 922 1607 981 patet
1623 910 1707 962 vi·
1741 904 1897 951 ‘rs-'‘52‘-

110 987 298 1042 vendo
330 988 554 1040 minime
570 987 847 1058 explevit,
878 988 938 1039 in
954 984 1154 1039 eodem
1170 983 1285 1036 luto
1332 984 1493 1036 haeret
1512 989 1563 1036 δε
1579 981 1707 1036 Plu-

112 1060 327 1113 tarchus
365 1069 389 1108 g
433 1060 506 1111 ita
530 1059 1028 1130 loquenszzepa'nuov
1052 1057 1226 1109 Γάλὲοι
1242 1059 1528 1125 κειπςγᾶρηπν
1555 1055 1710 1115 ἐννενή-
1735 1098 1757 1133 g
1783 1086 1900 1124 Invia

113 1155 242 1184 κονπι
256 1131 455 1198 γεγονώς
480 1130 568 1192 ἔτη.
612 1132 678 1185 Id
694 1131 1054 1199 estserviliztm
1083 1129 1306 1182 Galbam
1330 1131 1709 1201 nonagenarius
1733 1126 1872 1175 ‘catoni-s.

113 1207 391 1272 accusavit
408 1229 425 1263 ,r
457 1206 553 1275 qui
582 1206 958 1258 auctoritatem
974 1204 1122 1257 Livii
1138 1202 1350 1256 secutus
1369 1205 1554 1255 verbis
1571 1221 1709 1274 quo·

117 1296 223 1349 que
241 1277 354 1348 ejus
371 1280 422 1330 in
434 1276 572 1330 haefit
586 1315 599 1340 ‚
622 1277 717 1330 nifi
734 1279 788 1330 in
807 1278 1046 1331 numeris
1062 1275 1324 1330 mendum
1348 1274 1543 1329 subesse
1561 1291 1713 1347 pute-

113 1368 256 1405 mus>⁹
273 1350 424 1419 quod
441 1353 774 1422 Interpretes
790 1352 1012 1420 quidam
1056 1349 1396 1402 subindicare
1412 1347 1672 1400 videntur
1688 1373 1707 1406 ,-

115 1421 259 1474 Ill-ud
279 1420 483 1472 constat
523 1439 638 1473 non
666 1423 987 1480 Servilium,
1012 1420 1103 1472 sed
1131 1420 1379 1471 Servium
1394 1418 1541 1471 dicto
1583 1420 1710 1471 loco

115 1495 220 1564 legi
239 1493 437 1546 debere
452 1529 465 1552 ‚
482 1510 549 1544 eo
566 1495 713 1545 enim
730 1493 1062 1562 praenomine
1101 1491 1277 1543 Galba
1293 1491 1411 1543 fuit.
1491 1489 1579 1542 Ad
1605 1491 1710 1544 alia

113 1580 175 1618 ut
200 1566 506 1618 veniamus,
527 1563 634 1616 fuit
650 1565 795 1616 Cato
812 1564 1004 1635 infigni
1023 1563 1341 1636 parsimonia
1360 1563 1546 1635 reique
1564 1581 1706 1635 qua:-

110 1637 288 1691 rendae
302 1635 676 1688 attentissimus
690 1672 704 1697 ,
731 1652 979 1707 atqueeo
995 1637 1151 1707 pacto
1167 1634 1350 1689 effecit
1365 1670 1377 1695 ‚
1392 1650 1453 1688 ut
1468 1637 1599 1707 ipse,
1615 1637 1711 1707 qui

111 1727 231 1762 cum
250 1713 479 1780 primum
498 1708 565 1760 ad
593 1710 984 1780 rempublicam
1011 1707 1321 1769 accederet,
1361 1725 1473 1759 non
1492 1725 1711 1778 magna-

109 1800 227 1836 rum
244 1797 356 1833 erat
372 1781 687 1833 facultatum
702 1817 715 1842 ,
743 1781 925 1853 postea
943 1785 1196 1834 maximas
1219 1779 1313 1834 fibi
1334 1783 1609 1852 paraverit
1624 1780 1709 1832 di-

110 1855 285 1907 vitias.
387 1870 508 1904 uare
526 1852 658 1904 faede
701 1854 899 1906 labitur
938 1855 1289 1924 Epitomator
1304 1855 1473 1915 Livii,
1512 1875 1537 1911 h
1576 1853 1703 1905 dum
1732 1868 1754 1905 11
1784 1878 1867 1908 Des.

112 1944 236 1979 eum
252 1924 415 1978 funus
431 1923 527 1976 filii
547 1923 849 1977 tenuissimo
879 1930 1032 1997 (quia
1047 1944 1254 1998 pauper
1271 1935 1410 1989 erat)
1439 1928 1612 1979 sumtu
1632 1926 1706 1979 fe·
1728 1920 1786 1958 Μ’·
1802 1930 1839 1960 8·

109 1999 225 2052 cisse
243 1997 433 2057 refert;
475 1997 705 2050 Constat
732 1999 878 2050 enim
921 2016 986 2050 ex
1026 1999 1352 2061 Plutarcho,
1394 1999 1703 2058 Cicerone,

108 2073 335 2141 aliisque
374 2069 539 2121 filiurn
581 2070 818 2123 Catonis
859 2071 916 2123 in
965 2071 1165 2124 summa
1208 2073 1375 2142 patris
1428 2072 1703 2125 senectute

107 2141 333 2202 obiiffe3
375 2142 536 2212 hujus
563 2143 669 2196 viri
711 2144 879 2196 vitam
906 2142 1218 2198 Plutarchus
1255 2144 1369 2197 fuse
1409 2143 1699 2204 describit,

78 2217 292 2288 itaque
334 2233 501 2287 pauca
546 2230 751 2268 tantum
770 2234 884 2286 quae
905 2217 1141 2283 maxime
1175 2217 1298 2270 sunt
1321 2217 1700 2271 memorabilia

3 2299 9 2304 '
107 2305 409 2358 excerpam.
450 2287 691 2341 Primum
733 2288 901 2341 homo
921 2304 1090 2342 novus
1106 2307 1224 2342 cum
1240 2289 1367 2344 effet
1394 2308 1491 2362 per
1505 2308 1698 2344 omnes

0 2375 27 2409 ἢ
109 2361 380 2415 honorum
419 2360 614 2431 gradus
639 2362 706 2414 ad
732 2361 992 2416 summum
1030 2362 1272 2416 ascendit
1307 2362 1604 2435 fastigium,
1645 2370 1696 2418 δε

18 2498 23 2500 ὴ
108 2433 552 2504 Consulquidem
581 2435 686 2487 fuit
714 2434 992 2505 ann0558.
1034 2436 1247 2489 Censor
1264 2454 1397 2490 vero
1411 2456 1558 2491 anno
1577 2438 1695 2509 568.

22 2511 27 2513 ’
105 2505 192 2559 Ex
219 2506 497 2560 consulatu
533 2508 846 2561 citeriorem
884 2507 1108 2561 sortitus
1146 2508 1494 2582 Hispaniam,
1522 2526 1694 2565 totam

109 2578 350 2650 pacavit,
378 2583 513 2649 &ne
527 2580 789 2636 rebellare
802 2582 1014 2705 pofl'enEt
1051 2582 1256 2637 litteras
1281 2582 1347 2637 ad
1373 2583 1695 2664 fingulastci-

1057 2672 1082 2706 2
1556 2671 1694 2710 vita-
