2226 3164
476 193 546 239 66
813 181 1748 250 DEVITAJUR’IS‘C.

470 289 629 346 gum,
645 267 868 343 quifere
884 269 1023 322 circa
1039 267 1147 322 haec
1160 281 1439 342 tempora,
1468 269 1725 324 vixerunt
1741 308 1753 330 ,
1787 266 2074 326 subtexue-

470 347 665 400 rimus:
694 344 841 398 inter
860 361 954 397 eos
971 341 1153 395 locum
1181 343 1419 415 aliquem
1436 358 1689 398 meretur.

549 417 633 473 M
651 415 969 488 Bucculejus
984 416 1043 471 L.
1058 414 1227 470 Craffi
1243 420 1469 471 oratoris
1484 417 1782 477 familiaris,
1800 415 1972 470 Homo
1986 434 2074 470 ne-

469 497 568 565 que
600 489 769 559 Craffi
772 489 981 562 judicio
993 489 1196 558 stultus
1236 490 1297 550 ἐφ’
1316 492 1406 555 suo
1442 491 1597 544 valde
1602 491 1844 562 sapiens,
1871 486 2075 562 &aju-

467 567 545 618 ris
544 563 722 632 studio
763 581 865 617 non
879 563 1176 626 abhorrens,
1192 564 1333 618 hunc
1350 578 1529 619 narrat
1541 565 1747 619 Cicero
1760 566 1790 618 a
1815 565 1878 619 C.
1893 563 2070 628 Fufio,

466 641 560 712 qui
574 636 712 692 aedes
730 638 847 708 ejus
863 654 1049 694 emens
1061 673 1075 699 ,
1095 636 1301 693 lumina
1316 641 1397 692 uti
1416 652 1529 692 tum
1549 637 1715 692 effensst
1728 674 1744 699 ‚
1760 645 1832 692 ita
1858 654 2074 709 recepe-

460 726 544 766 rat
567 752 579 772 ‚
618 709 831 778 judicio
860 726 1227 771 conventum,
1273 710 1593 782 fimulatque
1622 713 1679 764 in
1719 712 1900 781 aliqua
1927 711 2077 764 urbis

212 830 233 854 2
259 816 374 855 Cim&
467 800 623 858 parte
637 803 755 856 quae
770 802 836 839 ex
852 784 1051 839 aedibus
1065 783 1174 837 istis
1190 784 1455 857 Conspici
1481 785 1653 857 posset
1667 783 2032 837 aedificaretur.
2050 793 2075 818 ²

209 873 316 920 Orat.
335 881 366 907 1·
542 859 601 912 C.
621 859 821 912 Aculeo
847 877 1014 931 eques
1042 859 1332 913 Romanus
1365 860 1504 912 vixit
1530 856 1725 911 eodem
1744 870 1996 928 tempore
2021 861 2077 927 ὃς

471 946 816 989 materteram
857 934 1151 987 Ciceronis
1188 932 1246 985 in
1285 932 1640 986 matrimonio
1655 930 1860 985 habuit*
1904 928 1964 983 Is
1991 930 2079 983 ita

470 1006 681 1060 tenebat
675 1009 779 1079 jus
790 1007 956 1057 civile
978 1009 1061 1058 uti
1086 1024 1202 1058 cum
1216 1006 1278 1059 ab
1308 1005 1405 1058 hoc
1416 1001 1730 1073 disceſjiffes,
1758 1021 1900 1057 nemo
1925 1004 1986 1058 de
2000 1005 2079 1056 iis

213 1081 422 1125 bcimszd.
471 1077 1011 1153 quiperitifflmisunt
1025 1087 1425 1149 anteponeretur
1439 1101 1462 1134 ‚-
1488 1095 1512 1130 b
1551 1076 1726 1128 filium
1765 1076 2078 1130 Varronem

255 1176 270 1180 “
471 1153 666 1209 habuit
681 1191 696 1217 ,
715 1159 767 1207 &
782 1152 957 1222 ipsum
968 1151 1105 1221 juris
1121 1151 1359 1222 peritum
1382 1189 1393 1210 ‚
1413 1147 1485 1202 de
1498 1166 1612 1220 quo
1626 1146 1785 1203 infra.

549 1225 769 1300 Longus
788 1225 897 1280 five
912 1238 974 1279 ut
988 1225 1083 1278 alii
1097 1223 1299 1277 volunt
1315 1222 1595 1294 Longinus
1606 1219 1716 1277 fuit
1728 1220 1926 1293 eodem
1941 1236 2084 1277 tem-s

470 1318 610 1375 pore
623 1300 907 1371 familiaris
925 1296 1162 1351 Antonii
1184 1296 1511 1369 cognitione
1536 1294 1672 1364 juris
1705 1301 1757 1350 &
1785 1295 1902 1350 aliis
1918 1295 2082 1352 bonis

473 1373 682 1428 artibus
696 1372 980 1438 instructus
1000 1411 1012 1430 ‚
1041 1370 1113 1423 de
1138 1388 1248 1441 quo
1263 1369 1330 1424 fic
1355 1387 1480 1423 eum
1499 1367 1656 1439 loqui
1682 1368 1814 1422 facit
1831 1369 1952 1421 Cic.
1970 1371 2081 1423 Hi-

455 1445 677 1516 storiam
706 1441 771 1502 ὠ*
773 1443 1130 1513 prudentiam·
1132 1443 1274 1511 juris
1292 1441 1497 1510 publici
1509 1442 1862 1510 antiquitatis
1874 1442 1996 1495 item
2012 1441 2086 1502 &.

473 1517 818 1589 exemplorum
831 1516 1030 1585 copiam
1046 1512 1326 1586 ‚stquana‘o
1349 1525 1472 1583 opus
1485 1513 1588 1564 erit
1615 1510 1648 1566 ιὶ
1663 1515 1782 1565 viro
1795 1515 2001 1584 optimo,
2013 1513 2080 1575 ὠ*

473 1590 587 1659 istis
628 1588 776 1644 rebus
825 1585 1198 1656 iustruiiiffimo
1219 1584 1500 1655 familiari
1523 1601 1630 1636 meo
1655 1585 1840 1657 Longo
1866 1599 2078 1641 mutua-

215 1704 233 1728 ε
261 1685 422 1729 cecata.
473 1664 594 1717 bor:
633 1675 652 1699 c
697 1664 774 1716 ita
790 1679 916 1715 eum
945 1661 1129 1714 locum
1144 1676 1248 1711 nos
1287 1655 1721 1715 emendavimus,
1765 1676 1889 1711 cum
1917 1676 2076 1716 antea

474 1736 780 1809 leger-etur,
810 1731 1242 1800 &antiquitatis
1266 1731 1371 1783 iter
1398 1727 1465 1786 ὅγ’
1489 1729 1834 1799 exemplorum
1856 1736 2080 1797 copiam:

475 1805 612 1880 quid
627 1804 776 1857 enim
794 1801 935 1856 illud
952 1800 1052 1860 est,
1093 1801 1438 1872 antiquitatis
1465 1804 1600 1854 iter?
1637 1816 1730 1855 aut
1758 1807 1882 1875 quis
1897 1804 2074 1859 bono-

475 1896 594 1936 rum
609 1876 887 1931 au&otum
908 1874 1285 1945 italoquitur?

549 1950 606 2005 C.
625 1948 859 2003 Fimbria
874 1946 1217 2019 temporibus
1233 1943 1568 1999 Gracchanis
1584 1945 1740 2008 vixit,
1755 1943 1845 1999 sed
1863 1947 2078 2021 longius

475 2037 631 2077 aetate
659 2022 952 2095 provectus
990 2019 1091 2077 est,
1137 2035 1301 2091 quem
1318 2016 1527 2073 Cicero
1540 2032 1704 2072 vocat
1728 2019 2076 2077 tolerabilem

476 2110 801 2167 patronum,
831 2113 931 2150 nec
965 2092 1158 2148 rudem
1173 2093 1230 2147 in
1268 2090 1389 2162 jure
1406 2091 1609 2149 Civili,
1637 2096 1691 2145 &
1719 2111 1843 2146 cum
1871 2091 2073 2163 virtute

478 2183 596 2223 tum
612 2170 778 2224 etiam
795 2169 905 2242 ipse
947 2166 1218 2221 orationis
1245 2182 1478 2237 genere,
1495 2164 1729 2220 liberum
1743 2193 1762 2229 5.
1783 2166 1933 2237 cujus
1952 2186 2076 2223 ora-

222 2255 244 2292 ni
272 2253 451 2291 Cic-infir·
480 2244 662 2295 tiones
677 2241 729 2295 se
746 2240 1174 2314 puerumlegiss'e
1189 2238 1423 2293 testatur.
1466 2238 1492 2296 ᾇ
1530 2237 1700 2292 Forte
1727 2240 1942 2292 isidem
1967 2240 2073 2303 est,

481 2333 645 2384 quem
684 2316 816 2369 alibi
849 2327 1029 2369 narrat
1063 2312 1310 2382 judicem
1348 2312 1535 2366 datum
1561 2311 1721 2382 super
1758 2311 2073 2384 sponsione,

223 2449 241 2471 e
267 2438 336 2472 Cic·
352 2432 390 2469 de
483 2387 571 2441 Ni
593 2388 833 2456 'Pythias
849 2391 939 2443 vir
955 2386 1116 2441 bouus
1130 2385 1250 2456 effet
1263 2423 1279 2451 ,
1295 2384 1520 2441 noluisse
1533 2384 1683 2439 illam
1698 2384 1851 2439 litem
1870 2385 2072 2455 dijudi-

223 2499 239 2521 ο
270 2514 278 2522 ,
319 2513 328 2522 ,
484 2479 617 2514 care.
656 2474 675 2497 e

235 2486 310 2536 βᾶ
553 2532 941 2603 GBilieuusin
967 2534 1085 2604 jure
1104 2552 1334 2608 magnus
1346 2532 1537 2594 evasit,
1579 2536 1628 2586 ὃ(
1655 2530 1865 2588 Consul
1905 2530 2076 2586 faetus

223 2635 247 2676 f
265 2639 335 2676 cic„
356 2638 453 2675 inssr.
483 2605 823 2668 effet‚nifi1n
840 2607 1125 2664 Marianos
1139 2608 1503 2678 Consulatu-s,
1532 2608 1756 2662 &ineas
1783 2605 2078 2680 petitionis

378 2704 384 2708 ·
481 2680 739 2754 angustias
754 2679 1031 2736 incidisset.
1072 2688 1096 2727 f
1209 2728 1213 2731 ,
1885 2687 1941 2747 Q
1959 2675 2073 2730 Lu-
