2226 3164
611 159 1332 209 LIB.1.CA1=.111‚
1702 180 1763 211 21

170 308 173 310 ,
255 247 329 303 P.
359 246 591 302 Attilius
628 257 689 297 ut
717 261 841 297 eum
880 241 1117 313 appellat
1155 240 1346 312 Pomp.
1376 244 1551 296 velut
1589 248 1682 302 alii
1700 250 1769 304 L.

180 319 399 374 'Acilius
433 318 705 373 AEliorum
744 314 971 368 fratrum
1015 314 1356 383 temporibus
1395 315 1528 383 juris
1549 318 1771 376 scientia

180 393 371 446 claruit
386 427 401 452 ,
415 407 552 462 quos
568 389 807 442 honores
821 386 1034 458 gesserit
1051 402 1163 438 non
1191 384 1485 439 adscribam
1499 422 1514 448 ,
1529 404 1653 442 cum
1673 410 1770 448 nec

177 466 235 518 in
255 463 584 536 praenomine
625 458 754 528 satis,-
788 457 1098 512 austoribus
1128 459 1452 521 conveniat,
1473 461 1648 513 necin
1666 480 1769 515 no-

177 538 340 588 mine.
392 534 561 587 Certe
589 531 692 585 fuit
729 529 924 585 Romae
960 530 1162 584 familia
1200 530 1530 592 Attilorum,
1556 549 1624 585 ex
1663 551 1770 603 qua

175 605 439 659 oriundus
456 604 561 657 fuit
578 604 810 657 Attilius
824 605 919 657 ille
934 603 1206 675 Regulus,
1224 602 1485 675 fingulare
1501 603 1639 657 illud
1655 605 1771 661 Ro-

97 715 99 717 -
173 695 340 731 manae
380 677 575 731 fidei&
602 676 818 730 Punicae
845 675 1184 730 crudelitatis
1202 676 1542 748 exemplum:
1583 677 1687 732 fuit
1715 686 1766 735 δε

172 751 478 804 Aciliorum
496 787 507 809 ,
526 767 592 803 ex
609 768 714 821 qua
732 749 811 801 M.
827 749 1037 803 Acilius
1053 748 1286 802 Glabrio
1305 764 1462 803 natus
1479 748 1583 811 est,
1618 751 1767 805 unde

168 822 480 877 inHistoria
524 822 776 876 Romana
828 823 909 876 M.
933 822 1186 875 Attilium
1226 840 1348 875 cum
1389 822 1472 876 M.
1498 823 1682 876 Acilio
1699 824 1811 897 adn
1839 862 1901 898 Li„
1921 863 1976 903 dec

166 895 521 948 Ptolomaeum
549 913 732 966 regem
772 895 984 965 legatos
1022 894 1200 948 miffos
1237 895 1485 950 invenio.
1522 917 1546 942 n
1590 896 1762 968 Qic-
1792 890 1947 962 &lib-⁸7·
1979 892 1992 905 ⁹

165 967 299 1039 quid
327 967 532 1021 fitillud
572 967 777 1021 constat
801 968 948 1021 hunc
983 968 1162 1020 virum
1191 981 1423 1039 propter
1467 969 1601 1038 juris
1617 974 1759 1039 peri-

167 1043 300 1093 tiam
327 1039 580 1112 sapientis
596 1040 761 1093 titulo
787 1040 1096 1093 donatuma
1113 1040 1325 1112 populo
1354 1041 1610 1094 Romano
1629 1042 1759 1096 fuis-

162 1112 215 1165 se
228 1133 238 1164 :
252 1112 443 1178 scimus
461 1112 530 1166 L.
545 1111 783 1166 Acilium
799 1113 941 1183 apud
945 1123 1122 1182 patres
1137 1113 1326 1179 nostros
1339 1112 1652 1182 appellatam
1666 1115 1758 1183 effi

92 1243 101 1250 Ι
152 1184 472 1255 sapientem,
499 1189 626 1257 quia
645 1185 869 1256 prudens
898 1180 991 1253 effe
1005 1187 1062 1238 in
1088 1184 1230 1255 Jure
1255 1184 1434 1237 Civili
1439 1185 1758 1254 putabatur,

163 1270 224 1309 ut
244 1257 364 1309 alibi
379 1259 918 1328 veteresinterpreteS.
961 1256 1108 1311 Sext.
1150 1256 1382 1319 (βίαις
1410 1257 1614 1311 Lucius
1628 1261 1756 1312 Aci-

160 1328 266 1380 lius
280 1329 526 1397 nonsatis
529 1330 591 1396 se
611 1329 902 1401 intellzgere
913 1332 1181 1392 dixerunt,
1199 1330 1332 1402 quid
1349 1330 1756 1402 effetlcffumfu-

160 1403 300 1453 neris
314 1418 430 1472 ergo
443 1401 642 1452 habere.

232 1472 304 1525 P.
324 1473 594 1525 Cornelius
612 1473 704 1524 Cn.
726 1471 942 1526 ELN.
964 1472 1131 1543 Scipio
1175 1470 1404 1535 Naffca:
1431 1472 1568 1527 male
1606 1474 1747 1530 Pan·

154 1544 319 1597 dectae
332 1543 667 1596 Florentinae
692 1545 753 1596 C.
771 1545 952 1615 Scipio
968 1544 1184 1598 Naslca:
1204 1546 1231 1596 a
1248 1544 1563 1615 Pomponio
1602 1549 1747 1603 inter

140 1615 558 1689 Jurisconsultos
574 1631 913 1678 numeratur,
954 1618 1115 1687 eique
1136 1618 1352 1687 publice
1380 1618 1646 1672 domusin
1666 1621 1742 1674 sa-

150 1707 236 1741 cra
252 1688 333 1741 via
346 1687 470 1741 data
490 1687 690 1742 dicitur
713 1728 724 1748 ‚
760 1707 873 1760 quo
900 1689 1112 1742 facilius
1133 1689 1339 1741 consuli
1356 1690 1540 1760 posset.
1616 1692 1747 1746 Fuit

151 1779 214 1814 au
225 1776 330 1814 tem
347 1761 604 1831 patruelis
621 1761 890 1818 Africani,
920 1775 1075 1814 natus
1101 1775 1255 1832 patre
1272 1759 1435 1813 Cneo
1455 1762 1715 1834 Scipione
1729 1801 1745 1826 ,

150 1834 387 1904 quicum
406 1832 651 1885 Africani
669 1848 819 1904 patre
833 1833 1034 1887 Publio
1050 1834 1270 1887 Punicis
1287 1833 1500 1888 Insidiis
1515 1838 1742 1893 circum-

149 1920 348 1959 ventus
364 1907 421 1958 in
436 1905 698 1976 Hispania
714 1906 1006 1959 ceciderat:
1024 1907 1111 1959 bic
1131 1907 1217 1959 vir
1232 1907 1475 1978 optimus
1491 1908 1628 1960 circa
1643 1927 1739 1961 an-

147 1995 278 2030 num
298 1992 416 2048 549.
434 1978 463 2030 a
481 1978 678 2030 Senatu
692 1977 962 2048 judicatus
977 2016 988 2036 ‚
1004 1978 1319 2033 adolescens
1335 1979 1582 2032 nondum
1603 1999 1741 2051 quae-

102 2097 105 2101 Δ
150 2050 341 2104 storius
360 2065 584 2103 matrem
603 2051 774 2103 Deum
792 2048 1152 2104 Pessinuntem
1169 2051 1468 2104 accersitam
1498 2052 1742 2123 hospitio

145 2125 379 2194 excepit.
421 2142 446 2165 0
485 2124 772 2177 Decennio
790 2124 934 2196 post,
962 2141 1108 2176 anno
1124 2122 1387 2176 videlicet
1407 2123 1738 2192 559.Praetor
1760 2136 1784 2159 0
1811 2127 1965 2187 iimcc,
2012 2152 2016 2155 >

142 2194 311 2249 faetus
333 2197 385 2248 in
405 2195 662 2267 Hispania
678 2198 846 2250 multa
873 2195 1104 2250 secunda
1129 2196 1308 2268 praelia
1324 2196 1483 2259 fecit,
1499 2215 1611 2269 quo
1631 2212 1734 2251 ter·
1758 2177 1957 2269 {alf-bij&

141 2284 267 2321 rore
283 2287 395 2322 non
415 2270 591 2323 minus
606 2271 1004 2342 quinquaginta
1042 2268 1250 2341 oppida
1278 2267 1345 2321 ad
1372 2285 1495 2322 eum
1516 2269 1731 2324 defece·
1756 2276 1814 2315 ab.
1831 2286 1866 2318 8·
1887 2295 1914 2318 s·
1935 2296 1989 2332 ¹5·

140 2335 284 2402 runt,
299 2342 707 2413 sequentianno
727 2343 1031 2416 Propraetor
1046 2340 1421 2395 Lusitanorum
1436 2342 1730 2397 duodecim

139 2412 313 2466 millia
327 2413 526 2468 cecidit
565 2427 588 2464 P
628 2415 823 2487 quibus
862 2416 1019 2469 rebus
1034 2414 1216 2487 ‘gestis
1242 2432 1362 2467 cum
1381 2415 1700 2470 candidatus
1717 2451 1732 2478 ‚

79 2552 83 2555 ι
137 2483 387 2539 Comitia
401 2485 638 2546 habente
654 2488 947 2551 African0‚
988 2487 1352 2541 Consulatum
1367 2503 1607 2560 peteret,
1646 2503 1724 2542 at·
1752 2500 1775 2538 r
1801 2490 1955 2549 &adea

135 2557 465 2633 queinfigne
488 2560 624 2615 illud
639 2560 866 2617 Senatus
889 2559 1261 2689 prCaejudicium
1286 2579 1388 2634 pro
1414 2561 1465 2619 se
1481 2563 1729 2621 baberet,
1899 2569 1908 2579 ·

879 2640 883 2652 ‘
1025 2652 1056 2707 3
1619 2650 1736 2706 quo
