2003 2935
415 126 1242 209 *DEDICATI'Q

79 255 216 298 vum
234 233 448 297 evexit.
504 233 684 294 Certe
702 229 1019 317 quandoin
1040 232 1159 294 hoc
1190 232 1393 295 libello
1423 237 1567 299 vitas
1590 262 1670 302 re-

81 366 261 430 volvo
283 361 571 424 clarorum
608 363 898 443 virorum,
950 363 1129 449 quiin
1178 361 1671 430 turbulentiffimis

71 499 246 582 Reip:
271 494 376 556 suae
396 491 662 556 flufiibus
680 496 878 557 animo
911 497 1252 558 inconcusso
1268 519 1378 581 pro
1409 519 1673 561 commu-

54 620 237 695 ’nibus
261 626 468 690 Patriae
488 629 593 689 aris
642 652 706 690 ac
729 627 875 691 focis
894 627 1070 691 semet
1087 604 1494 710 devoverunt«,
1540 629 1669 691 illo-

70 785 198 828 rum
220 763 460 824 virtutes
491 759 605 840 jam
624 761 887 826 exoletas
915 762 1402 826 &intermortuas
1419 762 1552 841 diu,
1605 763 1666 825 in

65 913 126 960 te
144 892 680 958 reflorescerelaetus
710 896 1032 982 conspicor.
1131 897 1426 973 Quocirca
1474 915 1534 959 te
1567 918 1661 959 ve-

68 1045 345 1093 nerantur
375 1050 576 1091 onmes
609 1029 1039 1094 Consultorum
1069 1033 1339 1094 omnium
1373 1028 1663 1093 disertiffi-

59 1184 220 1226 mum
240 1163 303 1224 8<
321 1159 664 1225 disertorum
683 1165 948 1227 omnium
965 1164 1489 1230 Consultiffimum.
1538 1165 1661 1225 Te-

60 1317 160 1358 nes
218 1296 374 1357 enim
427 1294 815 1382 gubernacula
864 1300 1037 1386 Reip:
1090 1322 1220 1385 quae
1256 1300 1422 1361 variis
1448 1292 1659 1360 affli&a

61 1425 324 1489 cladibus
356 1448 430 1486 ex
464 1426 764 1488 saevissimis
794 1429 1063 1509 procellis
1093 1450 1426 1512 emergen5‚
1476 1431 1538 1486 &
1558 1429 1656 1486 vix

61 1556 133 1619 ad
165 1555 221 1618 se
257 1554 481 1616 rediens
513 1583 528 1631 3
582 1578 734 1616 nova
767 1557 977 1617 iterum
1009 1556 1349 1641 tempestate
1368 1530 1656 1645 agitatur,

57 1712 192 1753 cum
212 1685 419 1749 Galliae
441 1689 573 1749 Rex
593 1710 829 1750 omnem
850 1691 1150 1774 Europam
1167 1687 1263 1751 sui·
1276 1690 1415 1769 juris
1434 1689 1653 1768 facere,

59 1846 127 1885 ac
153 1802 312 1885 aduris
334 1819 436 1882 sub
455 1817 697 1884 fascibus
716 1844 976 1907 premere
992 1822 1197 1886 sudans
1217 1871 1233 1901 ,
1263 1822 1540 1888 omnibus
1557 1821 1655 1886 ad-

58 1956 231 2019 motis
263 1954 539 2016 machinis
573 1953 634 2018 id
671 1957 827 2042 agit,
879 1974 946 2020 ut
979 1958 1225 2020 Patriam
1245 1956 1503 2023 nostram
1531 1974 1657 2029 tan-

56 2110 235 2175 quam
263 2089 592 2150 Germaniae
625 2110 815 2151 areem
848 2089 909 2151 &
946 2090 1157 2151 atrium
1192 2088 1505 2151 Libertatis
1553 2106 1656 2152 aut

52 2243 158 2307 per
183 2219 484 2286 cuniculos
519 2238 619 2284 aut
650 2239 858 2306 aperto
894 2225 1090 2285 Marte
1130 2221 1384 2286 subruat.
1453 2225 1654 2298 Qare

0 2321 1 2335 ἶ
47 2351 412 2417 difficillimis
430 2351 581 2416 hisce
612 2354 972 2440 temporibus
1004 2353 1357 2420 incredibilis
1383 2354 1654 2441 quaedam

52 2482 346 2547 bonorum
365 2487 577 2550 civium
611 2487 684 2550 de
717 2506 774 2551 te
795 2486 1161 2574 exspeftatio
1177 2487 1277 2552 est.
1355 2490 1514 2553 Nam
1533 2486 1568 2573 (
1585 2489 1653 2552 li-

1518 2639 1650 2685 ceat
1745 2645 1748 2648 ⁴
