2226 3164
501 124 576 175 94
816 111 934 155 DE
1001 108 1790 172 VITISJ,URISC.
2138 152 2144 159 s

495 189 671 239 domus
698 186 849 257 ipstus
878 187 1073 255 statum
1100 186 1485 260 felicifflmum,
1529 188 1856 260 Reipublicae
1871 188 2101 257 miserri-

491 277 657 321 mum,
703 260 864 327 occiso
879 262 937 312 in
960 265 1279 315 contrarium
1295 273 1565 335 utrumque
1579 258 1853 332 ceffnrmn,
1895 260 1921 314 ἑ
1947 261 2101 334 vesti-

482 334 775 404 gio,picum
800 332 1083 400 morsusuo
1109 336 1167 388 in
1196 336 1465 407 conspectu
1494 335 1720 389 Senatus
1731 342 1948 388 necavit
1965 370 1981 397 ‚
2018 338 2102 390 de-

495 405 600 457 cem
633 403 697 462 ἄν
715 404 917 476 septem
940 406 1136 460 milites
1150 409 1267 475 suae
1278 409 1516 481 familiae
1542 410 1750 462 eximiae
1748 407 2102 480 fortitudinis
2140 455 2159 474 ,

240 517 260 551 d
294 515 353 554 W
363 518 467 552 Max.
497 480 646 530 viros
660 478 705 530 C
705 478 919 548 aunensi
916 479 1100 550 praelio
1113 481 1278 549 amistt
1295 502 1310 534 .·
1340 480 1653 553 Respublica
1662 481 1965 553 procedente
1977 479 2104 535 tem-

235 566 294 603 ab.
319 580 348 616 5.
361 581 388 603 c.
414 575 450 604 ιςο
486 563 611 621 pore
622 550 696 623 acl
700 553 951 615 summum
963 556 1171 623 imperii
1171 554 1452 627 fastzgium
1466 554 1724 623 exceffitss
1743 555 1826 607 Ex
1840 572 1952 625 quo
1970 555 2097 607 loco

243 1797 262 1819 e
290 1784 373 1820 Plin.
394 1779 451 1818 lzb.

243 1842 388 1880 8.c.17.

249 2490 271 2526 f
297 2490 431 2527 Τις-,ἰώ

497 622 819 677 discimusid
835 624 1150 696 prodigium
1180 643 1309 681 ante
1332 627 1557 682 secundi
1577 629 1709 681 belli
1742 626 1930 680 Punici
1948 641 2098 690 >tem-

495 713 630 767 pora
657 696 913 750 accidisse.
970 697 1146 753 Unde
1181 705 1234 754 δε
1276 701 1461 756 obiter
1494 700 1803 754 notandum
1847 698 2102 753 Nonium

495 769 817 822 Marcellum
849 771 905 823 in
948 789 1088 826 voce
1128 774 1422 846 picuminis
1451 772 1843 830 emendatione
1871 769 2100 844 quidem

493 841 768 912 indigere,
818 843 911 897 sed
941 862 1054 898 non
1084 863 1147 900 ea
1185 866 1348 920 quam
1376 846 1720 903 Bertrandus
1761 846 1987 905 attulit,
2026 844 2102 899 est

495 919 639 967 enim
669 917 780 975 illic
807 916 916 969 loci
945 936 1047 988 pro
1075 918 1282 975 ‘Pedius
1324 919 1499 974 Pctus
1539 918 1838 991 legendum
1867 915 2102 980 cAElius

495 986 717 1050 Paetus,
758 1007 872 1042 non
893 1007 1028 1043 vero
1042 990 1220 1044 AElius
1249 990 1496 1044 Tubero.
1536 991 1693 1042 Idem
1722 1003 1908 1042 tamen
1936 1005 2105 1059 quem

493 1061 822 1115 Bertrandus
847 1067 1026 1116 innuit
1049 1062 1466 1117 *demonstratur
1522 1060 1592 1115 L.
1636 1060 1869 1123 QAElius
1909 1058 2105 1115 Paetus

494 1132 717 1193 Tubero,
764 1149 959 1187 notum
976 1136 1124 1189 enim
1142 1135 1214 1188 est
1232 1155 1296 1190 ex
1324 1135 1544 1190 historia
1572 1134 1858 1194 Romana,
1903 1137 1957 1186 &
1983 1132 2104 1187 Tu-

495 1206 718 1260 beron‘is
759 1207 1055 1276 superioris
1094 1211 1211 1263 vita
1240 1246 1255 1271 ‚
1291 1208 1624 1263 Tuberones
1650 1225 1718 1261 ex
1745 1205 2019 1260 AEliorum
2049 1210 2104 1263 &

493 1277 793 1332 Praetorum
809 1280 1016 1336 familia
1035 1282 1304 1336 oriundos
1320 1280 1489 1335 fuisse.
1532 1281 1806 1335 Caeterum
1823 1280 1971 1331 hunc
1994 1295 2102 1330 no·-

492 1350 654 1403 strum
669 1352 1030 1405 Tuberonem
1046 1371 1110 1403 ex
1131 1354 1357 1421 posteris
1368 1353 1686 1405 Tuberonis
1715 1349 1872 1422 supra
1885 1365 2098 1404 memo-

492 1425 591 1475 rati
617 1422 767 1476 fuifle
796 1424 975 1477 libens
1002 1423 1282 1487 dederim,
1321 1424 1414 1478 sed
1440 1439 1502 1478 ut
1541 1439 1718 1495 nepos
1757 1428 1874 1493 ejus
1897 1420 2097 1487 fuerit,

492 1494 719 1566 longum
737 1496 1010 1567 interjeEH
1040 1501 1213 1552 totius
1241 1498 1413 1552 saeculi
1441 1502 1495 1551 &
1519 1496 1674 1569 quod
1689 1497 1962 1556 excurrit,
2007 1497 2100 1550 in-

494 1569 816 1631 tervallum,
855 1588 967 1623 non
987 1576 1204 1641 patitur.
1243 1570 1652 1624 Habuitautem
1667 1569 1726 1623 in
1742 1568 2101 1623 matrimonio

442 1670 447 1674 -
495 1640 674 1693 Servii
715 1644 935 1719 Sulpitii
962 1643 1158 1704 filiam,
1198 1661 1266 1696 ex
1301 1663 1409 1713 qua
1428 1656 1554 1696 nata
1586 1642 1661 1694 est
1686 1641 2099 1695 aliafiliamater

500 1709 663 1762 Caffii
689 1711 947 1779 Longini.
989 1711 1224 1764 Videtur
1241 1715 1405 1765 etiam
1423 1729 1489 1767 cx
1509 1712 1650 1766 fastis
1678 1712 2017 1782 Capitolinis
2045 1719 2098 1768 &

496 1780 710 1840 Plinio,
751 1793 770 1816 e
806 1782 895 1835 hic
911 1781 1089 1836 noster
1117 1783 1438 1852 QTubero
1455 1781 1835 1836 Consulfuiss‘e
1848 1800 1974 1835 cum
2001 1782 2101 1838 Fa-

500 1854 594 1908 bio
620 1854 868 1907 Maximo
910 1857 1251 1926 temporibus
1294 1853 1560 1928 Augusti,
1610 1873 1759 1908 anno
1799 1854 1950 1909 urbis
1974 1872 2096 1926 742.

499 1944 824 1998 quamquam
840 1927 897 1981 id
911 1927 1253 2000 Pomponius
1270 1946 1383 1981 non
1403 1941 1610 1991 narrat,
1650 1941 1797 1982 certe
1825 1928 1955 1983 huic
1968 1947 2099 1984 con-

497 1999 708 2071 jesturae
724 2014 1034 2072 temporum
1050 2005 1187 2055 ratio
1202 2019 1316 2055 non
1335 1999 1653 2072 refragatur:
1695 2000 1850 2074 quod
1874 1999 2097 2057 ficredi-

501 2091 644 2126 mus:
684 2073 1061 2127 emendandus
1092 2075 1165 2128 est
1200 2075 1311 2129 Dio
1336 2075 1434 2146 qui
1462 2075 1608 2129 illius
1634 2076 1765 2129 anni
1797 2074 2099 2129 Consulem

504 2144 855 2219 Q‘QAElium
881 2150 1066 2216 Quinti
1078 2147 1256 2217 filium
1272 2161 1459 2210 vocat,
1500 2147 1590 2201 hic
1605 2152 1750 2201 enim
1767 2147 1948 2200 noster
1961 2147 2103 2199 Luc-

505 2221 555 2272 ci
569 2220 672 2273 fuit
685 2218 849 2273 filius:
887 2219 1034 2273 unde
1050 2221 1294 2294 suspicari
1312 2218 1744 2293 poffumusillum
1758 2219 1919 2290 hujus
1932 2218 2102 2275 nostri

505 2291 677 2346 filium
696 2327 711 2353 ,
754 2293 839 2345 sed
859 2298 1122 2362 juvenem
1158 2294 1280 2349 sane
1307 2294 1472 2349 fuiss‘e.
1534 2293 1797 2349 Meminit
1827 2290 2102 2362 cujusdam

506 2366 612 2419 Seii
640 2365 949 2419 Tuberonis
986 2370 1205 2421 Tacitus
1229 2386 1394 2440 quem
1421 2368 1514 2421 sub
1536 2365 1772 2420 Tiberio
1803 2362 2100 2433 Majestatis

508 2438 640 2491 falso
669 2439 967 2493 accusatum
999 2455 1178 2510 narrat
1203 2460 1323 2495 cum
1351 2440 1476 2495 esset
1503 2442 1533 2493 ὲ
1559 2437 1890 2493 primoribus
1905 2438 2108 2492 civita-

249 2541 353 2577 amaz.
436 2503 483 2539 '⁴'
511 2513 606 2575 tis,
647 2509 874 2564 Intimus
889 2513 1353 2581 Caesarisamicus,
1384 2513 1598 2569 defecto
1615 2506 1864 2586 corpore.
1906 2506 1930 2546 f
1958 2509 2103 2565 Fue-

2019 2596 2101 2638 rat
