2226 3164
503 136 604 183 LI
640 135 694 182 B.
758 135 829 182 11.
899 135 942 182 c
978 134 1009 181 A
1048 149 1091 180 p.
1160 136 1287 185 XII.
1595 138 1700 205 '197

110 216 244 272 inde
289 229 480 272 contra
509 216 868 274 Bertrandum
896 233 1275 290 argumentum
1297 219 1448 276 sumo
1474 221 1702 296 rescrip-

117 304 231 344 tum
244 290 520 365 quoddam
536 292 792 346 Severi&
808 291 1076 344 Antonini
1093 292 1160 345 ad
1187 293 1332 348 hunc
1356 294 1590 350 nostrum
1603 297 1701 369 Ju-
1728 336 1750 374 b
1776 340 1815 376 L·
1834 352 1866 377 ι.
1890 340 1965 392 0st

3 377 6 380 ’
47 380 50 381 ’
111 364 489 418 risconsultum
519 381 632 418 non
663 364 941 436 pertinere
979 373 1002 411 b
1042 381 1163 415 cum
1191 366 1338 436 quod
1373 367 1512 421 illud
1537 371 1698 440 quin·
1727 399 1875 441 seraper.

112 454 219 508 que
237 442 286 491 &
307 439 528 509 triginta
543 450 669 490 ante
685 435 1028 490 Gordianum
1045 438 1200 490 annis
1216 438 1288 489 est
1304 440 1539 493 emissum
1555 476 1568 502 ‚
1587 455 1702 496 tum

24 547 26 549 -
111 511 275 562 etiam
292 514 417 579 quia
431 526 494 561 ex
512 508 627 578 ejus
655 508 995 581 inspestione
1016 509 1138 562 satis
1164 525 1390 580 apparet
1408 544 1421 568 ,
1461 530 1575 565 rem
1602 532 1699 567 ne·

109 597 220 651 que
235 598 435 651 aequam
453 599 630 651 neque
646 580 880 635 usitatam
898 581 963 634 ab
978 582 1077 634 illo
1104 579 1135 653 ζ
1158 583 1397 654 quisquis
1412 581 1559 655 fuit)
1574 588 1700 638 Mo-

108 652 323 706 destino
339 650 490 707 fuisse
505 653 819 725 postulatam
834 689 851 715 ‚
890 653 1043 724 quod
1059 655 1115 706 in
1136 653 1280 708 hunc
1306 669 1514 710 tantum
1533 657 1701 729 Juris-

107 725 414 779 consultum
441 726 633 780 cadere
660 743 772 779 non
822 727 1059 780 videtur.
1100 731 1298 780 Extant
1336 727 1497 797 hujus
1537 727 1700 783 nostri

106 795 376 852 Penochae
402 797 635 852 verfibus
676 799 906 870 scriptae,
951 799 1146 870 quibus
1187 798 1480 872 Virgiliani
1518 802 1702 872 operis

102 877 384 924 materiam
411 871 645 925 breviter
673 871 987 944 complexus
1015 871 1089 926 est
1115 907 1130 933 ‚
1170 871 1317 926 unde
1345 873 1515 943 liquet
1549 873 1702 927 fuiffe

102 943 248 997 hunc
265 943 706 1012 jurisconsultum
720 943 970 995 Poetices
985 960 1250 1013 perquam
1264 943 1572 998 studiosum.
1597 946 1700 1000 Ci-

102 1027 183 1067 tat
210 1030 391 1068 autem
418 1013 763 1068 Modestinus
789 1015 972 1086 saepius
997 1014 1312 1074 Scaevolam,
1364 1016 1701 1087 Ulpianum,

99 1085 348 1142 Paulum:
386 1097 405 1122 ⁶
443 1087 558 1157 ipse
576 1086 750 1140 rursus
764 1085 830 1140 ab
850 1086 1087 1140 Arcadio
1117 1086 1366 1141 Charifio
1427 1090 1572 1142 Cum
1603 1091 1700 1144 ho-

96 1175 238 1212 nore
256 1159 520 1221 refertur,
560 1158 688 1212 dum
702 1161 805 1221 ait,
856 1159 1158 1212 Herennius
1174 1157 1495 1227 Modestinus
1523 1161 1587 1219 ὠ·
1613 1180 1699 1214 no-

96 1231 257 1285 tando
287 1228 351 1289 ὅθ’
388 1232 695 1304 disputando
723 1230 844 1285 bene
873 1228 938 1289 &⁹
978 1234 1172 1301 optima
1209 1234 1412 1285 ratione
1439 1232 1688 1287 decrevit.

96 1302 304 1375 Scripta
330 1306 442 1375 ejus
477 1303 711 1373 juridica
752 1305 860 1358 haec
897 1304 1021 1358 sunt
1048 1340 1064 1366 ‚
1104 1305 1515 1377 Responsorum
1566 1306 1694 1360 libri

98 1376 440 1448 quindecim:
468 1376 861 1430 Pandeffitarum
875 1377 1167 1429 duodecim
1185 1396 1200 1426 .·
1241 1378 1581 1449 Regularum
1598 1378 1694 1430 de·

41 1493 71 1516 „
97 1465 243 1502 cem:
282 1448 1091 1506 differentiarumlibrinovem:
1135 1449 1559 1503 Excusationum
1575 1450 1693 1504 sex:

94 1521 268 1593 (quos
292 1521 479 1576 Graece
505 1521 751 1593 scripfisse
788 1522 842 1575 se
878 1521 1093 1576 testatur
1131 1528 1154 1565 d
1196 1530 1220 1585 )
1257 1521 1328 1575 de
1361 1527 1533 1594 poenis
1561 1542 1690 1595 qua-
1717 1522 1739 1559 d
1768 1525 1910 1595 1⁴31&-

91 1609 235 1647 tuor.
274 1594 422 1648 Tum
451 1598 617 1648 etiam
645 1594 932 1666 singulares
950 1595 1165 1667 aliquot
1181 1595 1250 1649 de
1266 1595 1686 1667 praescriptioni-
1717 1576 1867 1625 Emfim

95 1667 219 1720 bus:
260 1663 646 1719 deinofficioso
660 1666 1040 1720 Testamento:
1082 1668 1151 1721 de
1169 1666 1688 1722 manumissionibus:

42 1742 45 1745 ’
96 1738 437 1808 delegatis&
470 1736 911 1792 fideicommiflis:
952 1738 1022 1792 de
1047 1738 1445 1792 Testamentis:
1485 1739 1554 1792 de
1585 1740 1687 1792 du-

94 1808 391 1864 rematicis:
426 1806 495 1860 de
519 1808 816 1860 enucleatis
837 1808 1062 1860 cafibus:
1108 1809 1179 1860 de
1193 1810 1503 1863 differentia
1519 1810 1691 1866 dotis:

99 1881 171 1936 de
188 1883 292 1936 ritu
307 1884 640 1952 nuptiarum:
678 1879 874 1934 Praeter
889 1877 990 1931 hos
1006 1880 1061 1932 in
1081 1878 1269 1934 Indice
1296 1898 1689 1937 commemora-

93 1968 183 2010 tos
244 1951 490 2024 scripfiss'e
556 1955 715 2017 etiam
767 1951 1203 2024 deprehenditur
1236 1988 1251 2015 ,
1316 1952 1579 2025 quosdam
1630 1957 1689 2008 li·
1711 2010 1730 2034 e
1756 2002 1782 2035 L
1852 2017 1863 2027 .
1906 2003 1930 2040 d

96 2029 224 2083 bros
237 2027 306 2081 ad
320 2026 594 2096 Qintum
612 2028 885 2080 Mucium:
904 2043 1025 2078 nam
1043 2024 1423 2097 decimiquarti
1461 2065 1480 2089 e
1523 2033 1574 2080 &
1596 2029 1686 2082 tri·
1707 2016 1903 2099 acq.'re⁵r.⁷c'1.
1928 2020 1946 2042 ε

96 2100 282 2175 gefimi
321 2099 542 2153 secundi
568 2101 701 2154 alibi
739 2098 800 2153 fit
838 2099 1063 2152 mentio.
1105 2106 1126 2143 f
1160 2097 1313 2168 Qid
1341 2113 1522 2154 autem
1554 2101 1681 2154 Ber-
1713 2098 1907 2156 f‚L·54-d-

92 2172 294 2228 trando
308 2176 361 2224 in
381 2187 617 2226 mentem
635 2176 850 2227 venerit
868 2212 882 2233 ,
922 2184 983 2224 ut
1011 2170 1180 2224 libros
1195 2171 1456 2243 quosdam
1472 2190 1539 2226 ex
1556 2173 1681 2228 Cas-
1706 2152 1775 2188 Tu.

93 2246 168 2300 fio
186 2245 580 2317 Jurisconiulto
607 2247 734 2299 huic
759 2244 942 2299 nostro
983 2242 1325 2314 affignaverit
1351 2281 1367 2307 ‚
1424 2246 1681 2318 equidem

93 2318 278 2373 nescio
296 2356 309 2378 ,
350 2309 472 2371 loca¹
496 2319 643 2371 enim
668 2318 733 2372 ab
759 2318 878 2390 ipso
904 2317 1159 2380 adducta,
1197 2328 1222 2366 g
1260 2316 1383 2371 satis
1401 2319 1682 2391 perspicue
1703 2341 1728 2380 g
1754 2333 1795 2368 L.
1814 2345 1889 2373 111.

83 2390 417 2466 Javolenum
431 2391 702 2446 auctorem
720 2409 823 2464 prae
838 2391 890 2444 se
911 2390 1121 2450 ferunt,
1165 2389 1262 2443 nifi
1289 2389 1436 2446 forte
1453 2393 1512 2447 in
1531 2410 1678 2445 men·
1710 2392 1925 2479 {{2·d¹jje·rb

91 2461 410 2520 dofiffimum
425 2463 689 2519 Codicem
704 2464 961 2519 inciderit
977 2463 1323 2518 BertranduS.
1765 2461 1790 2505 -'
1814 2462 1836 2471 '⁵
1929 2467 1938 2476 '

167 2536 649 2609 Hermogenianun
685 2537 1099 2665 postrei3mboloco
1138 2537 1166 2593 ὲ
1203 2538 1362 2593 nobis
1378 2536 1675 2593 collocatur

173 2644 177 2647 >
979 2629 1007 2683 3
1476 2627 1659 2665 exem-
