2226 3164
471 127 540 187 98
822 121 942 168 DE
1010 119 1810 188 VITISJURISC.

473 203 654 279 quide
666 202 880 276 judiciis
896 203 1432 278 publicisinscriptus
1467 204 1602 268 fuit,
1642 204 1825 258 locum
1856 205 2071 278 profert

160 279 164 283 ’
220 313 240 336 e
267 292 453 347 agema
472 280 623 334 idem
639 278 904 351 AgelliuS.
946 297 965 321 e
1003 277 1064 331 N
1069 295 1131 331 ec
1155 297 1269 333 non
1299 279 1495 334 librum
1517 277 1840 351 singularem
1864 277 1936 332 de
1962 276 2077 333 offi-

218 364 300 436 ζμ·
320 362 376 433 ¹⁴⁵?
397 394 441 433 [b
473 355 561 408 cio
589 353 874 407 Senatorio
914 349 935 389 f
965 359 1016 408 ὃς
1045 351 1115 405 de
1133 357 1255 421 jure
1280 346 1661 406 sacrificiorum
1689 352 1889 407 librum
1903 370 2076 407 unum

218 402 378 498 4.ῗῖἓῖ
410 412 418 432 l
447 423 692 482 'austore
734 426 1049 484 MacrobiO.
1085 423 1112 461 ¹¹
1149 424 1413 480 Praeterea
1452 432 1502 479 &
1540 425 1793 499 epistolas
1831 425 2078 499 scripfiffi:

217 500 246 561 ᾖ
272 497 433 538 Macrob.
472 500 926 573 deprehenditur.
966 500 978 535 ἱ
1017 499 1150 569 Qo
1168 500 1385 553 austere
1414 499 1739 554 Bettrandus
1767 499 1893 554 huic
1922 518 2078 555 com-

217 552 404 641 ssfr‘ss'sa‘
428 604 443 615 ψ
473 575 774 629 mentatios
811 574 879 627 ad
922 574 1105 645 legem
1132 573 1292 627 XII.
1321 570 1624 627 tabularum
1666 574 1872 627 tribuat
1912 574 2078 644 pla'ne

220 654 235 690 i
260 653 375 707 <Agel-
399 651 455 690 lib·
472 650 674 720 ignoro
687 683 703 709 ,
743 646 841 699 nifi
855 646 1002 700 forte
1018 664 1116 719 per
1132 664 1374 702 errorem
1390 646 1544 719 quod
1558 645 1826 699 Labeonis
1846 645 1920 698 est
1933 681 1950 710 ,
1963 646 2077 701 Ca-

225 717 407 755 ³⁵·‘⁶·¹²'
475 719 1089 794 pitoniadjudicaverit.

546 792 912 868 QAntistias
929 793 1108 847 Labeo
1121 829 1136 856 ‚
1165 794 1306 848 filius
1321 796 1436 866 ejus
1450 794 1725 850 Labeonis
1739 797 1894 863 quus
1911 795 2082 849 vitam

470 868 628 939 supra
643 865 1045 939 descripfimuS,
1084 866 1726 941 C.Trebatiidiscipulus
1741 865 1875 927 fuit,
1911 867 2086 922 &Ca-

467 940 682 1014 pitonis
696 938 1061 1002 adversarius,
1100 958 1219 992 non
1233 955 1447 993 tantum
1464 943 1522 994 in
1537 941 1784 993 doetrina
1800 939 1892 994 sed
1919 943 2083 994 etiam

470 1027 592 1066 tota
620 1014 744 1067 vitae
771 1013 989 1067 ratione
1015 1032 1025 1064 ε
1069 1011 1202 1066 ficut
1227 1013 1377 1066 enim
1405 1013 1617 1084 Capito
1645 1012 1849 1064 nullam
1879 1013 2087 1066 veteris

473 1085 640 1155 Reip.
676 1090 730 1137 &
756 1087 1026 1139 libertatis
1052 1087 1329 1139 retinebat
1367 1088 1686 1139 memoriam
1710 1119 1726 1147 ,
1766 1085 1845 1139 ita
1884 1084 1977 1138 hic
2002 1084 2089 1139 ni-

473 1160 658 1211 miam.
699 1157 986 1231 Sedipfius
1001 1159 1292 1230 Capitonis
1319 1157 1388 1212 de
1414 1159 1673 1211 Labeone
1700 1157 1959 1226 judicium
1991 1176 2089 1212 au·-

478 1230 597 1284 dire
610 1247 792 1304 operae
807 1232 1046 1303 pretium
1061 1231 1227 1285 fuerit
1243 1266 1258 1291 ‚
1296 1230 1478 1286 Labeo
1504 1230 1777 1298 Antistius
1801 1230 1971 1304 legum
1996 1241 2084 1285 at-

482 1322 581 1374 que
594 1322 789 1357 morum
812 1304 947 1374 Pop:
966 1305 1142 1365 Romz,
1163 1304 1414 1375 jurisque
1441 1304 1623 1357 civilis
1646 1302 1830 1355 dacius
1855 1302 2092 1373 apprime

466 1376 608 1447 fuit.
647 1374 751 1428 Sed
766 1375 1010 1447 agitabat
1035 1375 1296 1427 hominem
1320 1376 1540 1429 libertas
1564 1375 1796 1447 quaedam
1823 1377 1989 1429 nimia
2007 1387 2090 1430 at-

486 1466 584 1520 que
597 1464 820 1501 vaecors:
862 1448 1092 1520 afqaeeo
1119 1457 1180 1500 ut
1207 1448 1293 1503 D.
1321 1448 1556 1521 Augusto
1578 1449 1693 1518 jam
1721 1447 1981 1521 Principe
2020 1447 2087 1509 ἐν

484 1522 668 1594 Remp:
691 1521 954 1576 obtinente
969 1533 1145 1594 ratum
1157 1532 1333 1575 tamen
1346 1523 1666 1593 pensumque
1689 1519 2059 1576 nihilhaberet
2068 1557 2086 1585 ,

437 1656 443 1659 ‚
485 1594 731 1667 nisiqnoa'
742 1595 934 1665 juliam
951 1595 1302 1668 sanffmnqne
1326 1593 1420 1665 effe
1435 1597 1493 1647 in
1509 1594 1767 1647 Romanis
1784 1596 2086 1666 antiquita-

231 1671 255 1706 ἕξ
282 1665 464 1718 <Aeci-lib·
485 1670 628 1719 tibus
651 1667 864 1735 legiffet.
905 1668 932 1702 k
970 1668 1193 1717 Deinde
1209 1669 1524 1732 exemplum
1550 1668 1609 1718 in
1641 1681 1760 1718 eam
1787 1683 1903 1718 rem
1929 1664 2089 1721 affert

204 1771 207 1775 -
236 1731 333 1767 ³³⁴⁶·
354 1730 413 1753 ²²·
485 1737 760 1796 notabile,
799 1735 948 1805 quod
964 1736 1153 1789 Labeo
1171 1736 1200 1786 a
1217 1737 1449 1791 tribunis
1474 1751 1702 1790 vocatus
1715 1738 1978 1791 accedere
1992 1756 2088 1792 eos

490 1809 704 1871 noluit,
743 1825 948 1878 negans
968 1808 1056 1877 jus
1082 1809 1318 1861 vocandi
1339 1809 1572 1859 tribunis
1605 1821 1958 1879 competere,
1995 1811 2089 1866 sed

490 1895 705 1935 tantum
731 1880 1116 1952 prehendendi
1156 1879 1298 1933 hanc
1337 1879 1774 1952 intempestivam
1811 1881 2090 1940 Labeonis

491 1955 803 2008 libertatem
819 1954 1080 2009 Horatius
1095 1955 1154 2007 in
1171 1954 1399 2026 gratiam
1417 1953 1634 2026 Augusti
1649 1989 1665 2016 ‚
1706 1954 1966 2011 insaniam
1983 1975 2086 2013 vo-

238 2095 247 2108 Ἲ
275 2096 318 2132 H
491 2041 577 2081 cat
601 2029 659 2081 in
676 2028 784 2082 hoc
799 2027 1078 2082 versiculo,

238 2115 249 2132 Δ
315 2107 361 2131 ΟΥ.

566 2100 809 2155 Labeone
823 2101 1058 2170 insanior
1070 2103 1212 2156 inter
1229 2097 1654 2162 Sanos'dicatur,
1693 2104 1707 2141 ¹
1744 2102 1896 2158 aliud
1923 2103 2088 2157 liber-

493 2175 618 2227 tatis
642 2175 760 2229 fere
789 2174 1093 2230 immodicae
1117 2175 1433 2247 exemplum
1471 2191 1866 2230 commemorat
1890 2176 2087 2230 Sueto-

241 2274 278 2299 m
311 2262 397 2297 suet.
414 2261 445 2295 in
496 2249 633 2304 nius,
675 2275 713 2299 m
751 2248 1024 2318 Antistius
1044 2248 1225 2304 Labeo
1245 2248 1471 2302 Senatus
1496 2247 1714 2302 leffione
1739 2267 1855 2301 cam
1882 2250 1974 2301 vir
2003 2251 2088 2302 vi-

240 2315 314 2350 vi'a
325 2318 415 2361 Aug·
497 2337 609 2372 rain
621 2320 813 2393 legeret
832 2363 844 2383 ,
883 2322 966 2376 M.
990 2321 1250 2393 Lepidam
1265 2322 1452 2384 hostem
1477 2320 1598 2374 olim
1625 2321 1737 2393 ejus
1765 2321 1873 2394 (sc.
1903 2320 2092 2394 Augu-

484 2392 595 2464 sti)
623 2392 684 2451 ἄν
701 2406 825 2448 tunc
838 2394 1164 2463 exsulantem
1178 2398 1333 2469 legit:
1373 2395 1822 2466 interrogatusque
1847 2394 1912 2448 ab
1939 2412 1994 2446 eo
2016 2411 2088 2448 an

504 2483 605 2519 non
618 2466 698 2536 eff
689 2479 775 2521 ent
790 2469 889 2521 alii
901 2469 1162 2542 digniores
1181 2489 1195 2520 .·
1207 2473 1357 2538 fnum
1381 2485 1624 2541 quemque
1621 2467 1887 2539 judicium
1901 2467 2089 2520 habere

506 2541 792 2612 respondit,
833 2559 923 2596 nec
935 2543 1047 2598 ideo
1062 2541 1280 2602 libertas
1305 2552 1401 2598 aut
1419 2543 1742 2596 contumacia
1753 2540 1949 2612 fraudi
1973 2541 2088 2592 cui-

1936 2628 2091 2683 qnam
