2226 3164
583 134 774 180 LIB.
841 132 1137 177 LCAP.
1206 135 1303 182 IX.
1693 158 1753 207 73

165 218 320 275 fuisse
342 217 663 292 appetitum.
706 214 786 267 Et
813 213 1090 285 aliquanto
1124 217 1337 269 enixius
1360 219 1620 291 postquam
1633 226 1760 291 sub.

168 293 286 347 inde
299 292 516 362 instanti
532 330 544 350 ,
562 290 758 344 vitium
776 286 1362 357 corporufhcretopostta
1389 293 1523 357 velie
1539 295 1756 352 detexit,

164 366 368 437 Neque
382 368 529 419 enim
547 363 640 416 illa
665 360 891 434 gibbum
908 358 1079 413 solum
1095 359 1330 431 respexit
1343 395 1358 421 ,
1375 362 1464 414 sed
1480 364 1608 418 alias
1623 385 1756 437 quo-

165 457 272 510 que
287 437 664 494 conditiones,
690 431 843 505 quod
858 432 1194 504 intelligunt,
1216 437 1309 504 qui
1327 433 1475 488 illius
1492 442 1759 509 temporis

159 511 438 564 h1storiam
465 509 671 561 habent
698 505 1030 578 perspestam
1061 506 1240 560 varios
1268 511 1429 573 jocos
1467 513 1518 560 in
1535 511 1758 581 gibbum

159 581 329 635 Gallae
343 581 517 633 distos
543 578 688 651 apud
702 579 944 632 austores
960 580 1202 651 reperire
1217 579 1291 633 est
1304 615 1318 641 ,
1334 595 1395 633 ut
1409 580 1553 634 illius
1568 585 1659 652 qui
1672 587 1757 636 in-

146 656 363 726 genium
380 652 561 706 Galbae
601 652 734 706 male
757 650 1002 705 habitare
1040 652 1210 715 dixit,
1229 653 1575 727 aliorumque
1601 660 1693 726 qui
1731 657 1760 709 ὲ

155 727 381 781 Rutilio
434 726 776 799 colliguntur.
857 725 1022 780 Extat
1073 726 1217 799 apud
1270 726 1484 781 Festum
1526 745 1756 800 prover-

156 798 336 863 bium,
370 822 394 860 p
434 797 586 854 rideo
614 800 796 874 inquit
812 796 986 854 Galba
1013 798 1275 862 Camena,
1312 801 1368 854 in
1385 818 1480 855 eos
1494 802 1590 873 qui
1609 805 1757 872 prin·
1786 837 1808 873 p
1837 824 1916 875 fest,
1940 829 1969 861 ,νη

71 880 74 882 ’
152 872 298 943 cipio
313 873 540 944 alicujus
555 876 636 927 rei
661 871 1432 928 inchoataedeficiuntanimo:
1462 874 1755 947 idiSulpi-
1785 874 1989 918 Verbum&-

150 945 234 998 tio
250 943 454 1009 Galba,
499 950 768 1001 incertum
807 945 959 1016 cujus
1001 951 1292 1018 temporis,
1329 960 1541 1009 ortum,
1568 947 1752 1012 duxit,

149 1033 272 1069 cum
289 1021 345 1070 in
362 1018 706 1090 provinciam
723 1021 964 1075 exiturus
980 1037 1185 1092 equum
1210 1018 1511 1076 laffitudine
1525 1038 1753 1094 correp-3

148 1104 266 1144 tum
280 1090 752 1148 animadvettisset.
980 1124 997 1131 ν

776 1240 985 1287 CAP.
1054 1241 1114 1287 X.

143 1372 233 1441 Q
226 1376 263 1418 C
263 1375 380 1420 ornel
386 1378 451 1419 ius
463 1377 696 1420 Maximus
711 1406 724 1427 ,
738 1392 855 1420 error
867 1379 1078 1428 Rutilii&
1095 1380 1211 1423 Ant:
1224 1378 1460 1441 Augustini
1469 1396 1483 1425 .·
1506 1385 1631 1428 Serv:
1643 1385 1747 1427 Sul-

196 1443 333 1502 pitius
348 1440 548 1500 :Vdefrnstz
562 1436 663 1497 fides
682 1441 823 1502 Pomp:
843 1445 885 1484 in
910 1438 989 1485 hac
1018 1438 1184 1496 historia
1215 1455 1359 1487 contra
1381 1444 1499 1487 Ant.-
1534 1445 1746 1510 Augusti-

206 1521 311 1549 num
338 1536 352 1557 ,
376 1507 548 1566 ejusque
567 1504 677 1546 locus
703 1503 978 1548 emendatur.-
1015 1502 1064 1548 de
1067 1505 1213 1564 ftrvio
1228 1503 1415 1566 judicia:
1439 1505 1608 1554 honores
1628 1511 1682 1557 ab
1701 1527 1747 1556 eo

191 1567 318 1632 gesti:
333 1571 495 1630 scripta
514 1568 625 1628 ejus:
647 1564 790 1610 deloco
804 1566 910 1626 Festi
930 1567 1188 1631 disceptatio:
1209 1572 1257 1614 C.
1271 1568 1492 1615 Trebatius
1502 1573 1635 1633 Vesta,
1648 1577 1745 1622 Za-

182 1634 244 1690 fii
252 1630 302 1675 de
312 1649 355 1676 eo
374 1648 504 1677 error:
527 1634 734 1676 Ciceronis
746 1631 857 1677 locus
870 1646 1015 1678 contra
1047 1633 1333 1679 Bertrana'um
1351 1636 1604 1697 explicatus:
1622 1657 1745 1686 erra-

195 1708 291 1741 tum
303 1702 458 1742 veteris
475 1702 811 1742 commentatoris
822 1701 864 1740 in
875 1700 1134 1741 Horatium:
1153 1698 1244 1756 ejus
1256 1699 1418 1759 sbripta
1431 1716 1442 1745 :
1454 1704 1613 1746 'Aulus
1638 1707 1743 1764 Cas:

195 1758 363 1804 cellius:
384 1760 632 1805 emendatur
667 1757 724 1809 &⁶
744 1759 985 1821 illustratur
1010 1764 1152 1824 Pomp.
1180 1763 1290 1806 locus
1305 1793 1319 1815 ,
1359 1764 1550 1824 Cascellii
1570 1770 1743 1815 Facetiae

193 1820 461 1874 &libertam
491 1824 715 1868 Bertrandi
734 1838 950 1879 erratum,
991 1832 1038 1879 ὠ
1074 1834 1412 1875 commentatoris
1434 1834 1478 1873 in
1502 1834 1662 1879 Horat.
1674 1835 1768 1901 ‚Q

196 1888 396 1949 Caefl’llius
409 1886 640 1951 praediator.

341 2028 611 2083 Cornelius
626 2028 907 2082 Maximus
924 2039 986 2083 ut
1011 2026 1080 2082 ad
1104 2026 1473 2101 Pomponium
1494 2032 1734 2090 nostrum

301 2117 312 2132 ·
328 2101 609 2157 redeamus
638 2116 938 2174 praeceptor
974 2099 1227 2156 Trebatii
1266 2103 1562 2161 Ciceronis
1594 2126 1734 2179 quo-

319 2193 428 2248 que
441 2190 595 2231 aetate
610 2177 824 2231 floruit:
849 2174 994 2230 hunc
1007 2174 1204 2248 Pomp:
1219 2176 1444 2248 quidem
1466 2182 1734 2244 nominat,

126 2245 218 2300 sed
234 2247 415 2303 obiter
427 2285 442 2311 ‚
460 2267 643 2322 neque
659 2251 753 2304 suo
771 2249 911 2304 loco.
953 2248 1197 2303 Rutilius
1223 2268 1357 2304 vero
1373 2269 1657 2323 perperam
1671 2254 1731 2309 P.

127 2320 447 2375 Cornelium
464 2329 514 2378 &
529 2325 840 2378 Antonium
869 2323 1227 2396 Augustinum
1246 2323 1723 2399 Cajumappellat.

126 2393 257 2448 Fuit
273 2397 418 2449 enim
443 2396 572 2450 huic
586 2397 770 2451 nostro
793 2398 996 2469 Qnti
1022 2414 1334 2469 praenomen
1350 2435 1365 2462 ,
1406 2415 1467 2456 ut
1491 2420 1591 2459 nos
1621 2401 1719 2455 Ci-

124 2483 253 2521 cero
267 2465 432 2521 docet
446 2473 520 2523 ita
533 2470 601 2524 ad
626 2470 949 2526 Trebatium
962 2469 1208 2526 scribenS.
1252 2470 1375 2525 Hoc
1392 2476 1716 2549 quemadmo-

121 2539 242 2595 dum
256 2557 352 2598 vos
355 2540 582 2611 scribere
578 2543 773 2614 soletis
794 2547 854 2599 in
881 2542 1228 2675 vestrlizlibrzb·
1239 2581 1255 2611 ,
1280 2544 1413 2604 idem
1426 2548 1714 2670 ⁴Q‘Cornlq.

1666 2634 1718 2670 to
