2226 3164
619 135 1308 204 LIB.I.CA1>ssX.
1686 151 1752 199 81‘

147 226 463 302 iongaevitas
488 228 604 297 ejus
630 223 789 278 facile
826 223 1100 296 permittit
1127 238 1188 277 ut
1215 226 1559 297 QMutium
1584 232 1749 291 Pont.

150 302 304 357 Max:
327 300 512 356 audire
540 297 802 374 potuerit.
839 295 970 349 Fuit
998 309 1177 348 autem
1213 297 1303 349 hic
1326 298 1747 368 Jurisconsultus

149 376 232 430 vir
245 372 584 429 facetiss’imus
600 371 726 428 teste
745 367 1054 423 Macrobio.
1095 368 1107 406 1
1149 368 1437 436 Cascellius
1460 370 1739 441 Jurifcon-
1768 389 1780 425 1
1807 396 1957 434 Mami.

132 446 318 514 fultus
330 448 648 501 urbanitatis
658 445 804 497 mirae
820 482 833 501 ‚
866 440 1230 513 libertatisque
1254 440 1540 498 habebatur
1560 486 1572 507 ‚
1606 460 1742 518 prae-
1767 439 1825 486 lib·
1844 450 1964 499 ιιὸακ

142 518 294 586 cipue
307 529 479 571 tamen
500 521 550 571 is
567 518 719 588 jocus
746 516 859 586 ejus
885 517 1132 569 innotuit.
1178 513 1484 586 Lapidatus
1510 516 1542 569 a
1561 522 1746 589 populo

145 589 431 651 Vatinius,
464 606 578 643 cum
579 588 963 662 gladiatorium
983 604 1167 641 munus
1180 588 1377 650 ederet,
1414 587 1710 645 obtinuerat
1730 635 1744 655 ‚

140 671 203 714 ut
218 660 388 715 aediles
402 661 685 724 edicerent,
723 664 908 733 nequis
922 663 980 713 in
993 677 1204 713 arenam
1229 660 1326 728 nist
1338 673 1545 731 pomum
1571 664 1746 733 mififfe

140 731 319 787 vellet.
358 733 515 789 Forte
539 734 627 789 his
651 735 830 789 diebus
854 733 1142 803 Cascellius
1170 733 1451 800 Consultus
1473 732 1505 787 a
1529 737 1746 807 quodam

138 823 210 860 an
223 824 335 861 nux
338 810 499 880 pinea
505 822 708 880 pomum
724 806 844 878 effet
860 846 873 868 ,
913 806 1172 877 respondit
1187 846 1197 866 ‚
1201 805 1261 875 st
1265 808 1321 860 in
1336 809 1604 862 vatinium
1615 811 1745 876 mif-

123 880 289 948 surus
306 898 360 932 es
359 894 569 952 pomum
581 882 662 949 est.
703 881 997 935 Mercatori
1008 879 1189 935 deinde
1203 881 1617 952 quemadmodum
1627 899 1744 935 cum

131 951 271 1020 socio
285 969 476 1008 navem
486 955 748 1009 divideret
760 956 1111 1025 interroganti
1124 990 1138 1016 ,
1178 952 1476 1022 respondzffi·
1490 954 1741 1019 traditur,

138 1023 359 1078 Navem
367 1025 419 1092 fi
432 1026 664 1089 dividis,
703 1043 794 1079 nec
809 1037 868 1080 tu
881 1043 973 1079 nec
982 1026 1150 1090 focius
1163 1041 1273 1077 eam
1297 1025 1562 1079 habebitis
1578 1046 1594 1078 :
1634 1046 1742 1100 po-

133 1096 386 1151 stremum
412 1098 550 1152 illud
578 1101 743 1154 etiam
767 1100 935 1153 refert
962 1099 1345 1169 Quintilianus
1385 1110 1425 1133 11²
1464 1098 1639 1170 Qod
1667 1100 1738 1154 de
1761 1112 1800 1161 ¹3²
1828 1099 1939 1153 ane:

130 1166 391 1224 libertate
424 1170 556 1225 dicit
586 1172 925 1234 Ma'crobluS,
963 1171 1018 1224 id
1048 1169 1301 1226 Valerius
1330 1170 1609 1226 Maximus
1624 1191 1738 1230 me·
1757 1150 1948 1200 11b.6.c.4‚

131 1242 386 1297 motabili
410 1247 668 1317 exemplo
698 1243 1025 1317 comprobat
1052 1279 1067 1306 ‚
1105 1244 1237 1298 dum
1257 1247 1357 1305 ait,
1397 1244 1576 1298 Aulus
1601 1246 1736 1313 Cas-

131 1313 318 1365 cellius
342 1314 374 1386 (
388 1316 464 1368 ita
477 1316 977 1391 enimlegendum)
1019 1320 1123 1386 vir.
1128 1318 1269 1384 juris
1299 1315 1488 1370 civilis
1495 1319 1734 1384 scientia

131 1385 307 1438 clarus
320 1403 474 1457 quam
478 1388 767 1460 periculose
780 1399 1076 1441 contumax.
1098 1387 1326 1440 Nullius
1341 1393 1474 1438 enim
1496 1400 1594 1440 aut
1603 1405 1732 1459 gra-

131 1461 214 1511 tia
230 1468 327 1511 aut
340 1457 685 1523 auctoritate,
725 1459 958 1531 compelli
973 1460 1152 1530 potuit
1166 1497 1179 1517 ‚
1215 1468 1277 1510 ut
1288 1458 1350 1511 de
1360 1459 1543 1529 aliqua
1554 1478 1732 1514 earum

132 1547 300 1584 rerum
323 1547 454 1602 quas
478 1534 754 1586 triumviri
775 1533 1023 1585 dederant
1047 1567 1064 1593 ‚
1085 1530 1376 1602 formulam
1400 1544 1732 1603 componeret,

126 1603 253 1657 Hoc
264 1604 434 1674 animi
437 1603 639 1674 judicio
654 1602 999 1658 vifft'oriarum
1024 1601 1268 1672 beneficia
1281 1614 1438 1658 extra
1452 1622 1644 1659 omnem
1656 1622 1734 1658 or-

121 1675 296 1729 dinem
318 1674 490 1745 legum
507 1689 716 1748 ponens.
755 1687 779 1710 ¹¹
818 1677 991 1728 Addit
1017 1677 1315 1727 &alterum
1340 1675 1493 1725 idem
1519 1678 1730 1733 auitor:
1749 1672 1987 1761 gfff-Ma*

127 1746 272 1800 Idem
287 1764 399 1798 eum
413 1749 579 1802 multa
601 1750 663 1803 de
682 1747 994 1820 temporibus
1009 1745 1238 1811 Caefaris
1265 1742 1479 1797 liberius
1504 1746 1733 1819 loquere-
1799 1749 1808 1760 “
1850 1736 1899 1761 ‘⁶'
1914 1736 1952 1762 ²⁰

127 1826 243 1877 tur,
284 1819 539 1889 amicique
551 1836 614 1870 ne
626 1822 687 1873 id
679 1822 889 1889 faceret
901 1829 1162 1871 monerent
1181 1835 1198 1866 .·
1239 1816 1407 1870 ‘Duas
1419 1835 1501 1870 res
1512 1837 1626 1891 quae
1637 1822 1733 1876 ho-

126 1888 352 1953 minibus
375 1889 694 1958 amariſjimae
720 1889 1051 1949 viderentur,
1090 1906 1331 1960 magnam
1337 1889 1442 1957 fibi
1459 1890 1730 1949 licentiam

121 1962 348 2034 praebere
362 1962 647 2034 respondit,
673 1962 995 2034 seneHutem
1011 1960 1075 2021 ὠ
1101 1962 1404 2016 orbitatem.-
1444 1981 1609 2034 quem
1638 1967 1731 2035 lo-³

127 2054 251 2090 cum
280 2036 450 2090 miror
476 2050 586 2089 tam
610 2037 749 2090 male
776 2036 804 2088 a
832 2033 1135 2090 Bertrando
1164 2034 1360 2089 lea-um
1389 2071 1405 2098 ,
1459 2051 1521 2091 ut
1552 2054 1621 2091 ex
1650 2055 1722 2094 eo

127 2107 275 2163 hunc
301 2109 540 2163 nostrum
555 2108 1009 2182 Jurisconsultum
1037 2120 1294 2179 tanquam
1332 2109 1561 2164 alterum
1588 2112 1717 2182 Ap-

129 2181 285 2252 pium
301 2181 597 2236 Claudium
615 2221 628 2242 ,
664 2182 965 2236 *luminibus
983 2194 1203 2253 captum
1228 2180 1380 2235 fuiffe
1407 2185 1718 2255 putaverit:

127 2252 188 2307 id
217 2257 365 2308 enim
397 2254 647 2310 Valerius
675 2274 788 2310 non
812 2255 943 2309 dicit
968 2295 982 2317 ,
1023 2254 1115 2309 sed
1144 2254 1431 2326 praecitatis
1459 2255 1720 2311 Cascellii

127 2325 311 2379 verbis
336 2326 578 2383 indicare
606 2330 784 2383 voluit
812 2368 825 2389 ‚
868 2329 1149 2383 hominem
1179 2329 1274 2399 qui
1303 2326 1412 2382 fine
1437 2329 1619 2384 liberis
1644 2327 1717 2384 ad

129 2397 730 2456 summamsenestutem
747 2404 1032 2476 pervenit,
1069 2400 1207 2454 nihil
1234 2400 1438 2455 habere
1462 2402 1617 2475 quod
1643 2406 1713 2455 ti-

130 2485 298 2533 meat,
323 2489 448 2528 nam
460 2493 639 2548 neque
656 2475 751 2530 fibi
768 2481 984 2531 metuit:
1025 2474 1278 2547 supremae
1289 2476 1437 2529 enim
1450 2489 1606 2530 metae
1618 2495 1720 2545 ap<

130 2545 468 2619 propinquat
479 2583 497 2612 ,
533 2566 716 2623 neque
730 2549 1032 2622 haeredibns
1043 2583 1060 2614 ‚
1098 2566 1242 2677 {uos
1258 2561 1545 2607 extraneos
1559 2548 1720 2603 habi-

1573 2634 1727 2676 turus
