2226 3164
543 184 606 234 30
891 165 1010 212 DE
1077 165 1886 233 V1T1SJURISC.

273 308 311 332 m
341 295 406 330 sz
439 292 494 330 dec
538 265 633 307 rat.
679 276 718 303 m
749 251 902 306 'Cum
932 256 1079 306 enim
1109 252 1419 307 Antiochus
1444 271 1513 307 ex
1543 251 1751 306 foedere
1782 249 1962 323 (quod
2004 252 2154 325 apud
2187 284 2197 294 ·

273 322 435 393 4.12b.s'.
497 320 505 329 ’
539 323 774 384 eundem
804 329 970 396 extat)
1014 343 1208 379 omnes
1241 343 1414 381 naves
1439 326 1654 399 longas,
1685 339 2041 397 armentaque
2071 343 2155 379 ea·
2194 350 2202 353 0

536 417 657 454 rum
671 399 885 454 tradere
903 414 1182 455 teneretur
1202 400 1281 453 M.
1301 401 1539 455 Manlius
1561 399 1858 455 Proconsul
1874 397 2017 472 (haec
2036 398 2154 469 ejus

539 473 708 526 verba
733 470 887 545 sunt)
932 471 1190 548 QFabio
1223 472 1460 527 Labeoni
1476 475 1566 545 qui
1584 472 1974 542 Claffipraeerat
1989 469 2156 541 scrip-

520 544 596 616 fit
621 555 706 607 ‚ut
727 546 944 600 Patara
982 547 1232 617 extemplo
1253 545 1682 618 proficisceretur,
1714 562 1937 617 quaequae
1965 544 2040 597 ibi
2066 560 2157 597 na-

543 636 639 670 ves
652 622 807 692 regiae
833 618 987 689 effent
1003 620 1286 673 concideret
1313 641 1323 672 z
1348 617 1970 691 cremaretqiteprqfeciiis
1985 617 2050 670 ab
2075 614 2158 668 E-

538 690 696 761 pheso
720 694 1107 764 quinquaginta
1134 691 1301 746 tebias
1340 711 1505 746 naves
1543 704 1638 745 aut
1672 690 1925 752 concidit,
1953 701 2048 742 aut
2069 692 2157 742 in-

544 763 721 817 cendit.
762 765 907 818 Illud
924 765 1140 819 filentio
1159 765 1594 838 praetereundum
1614 783 1727 818 non
1747 763 1819 816 est
1833 763 2152 815 Labeonem

546 837 694 890 hunc
723 837 909 910 poefin
949 857 1173 911 quoque
1213 857 1332 893 cum
1376 838 1535 893 laude
1566 837 1820 909 attigisse,
1849 849 1910 888 ut
1950 853 2018 888 ex
2047 838 2160 888 vita
2209 840 2215 841 ⁷

546 908 803 964 Terentii
822 929 918 983 per
935 913 1217 966 Donatum
1249 913 1551 984 conscripta
1577 909 1814 968 constat,
1846 907 2157 962 adeoutab

554 981 664 1034 hoc
704 982 950 1051 adJ'utum
989 994 1044 1036 in
1084 986 1486 1039 conscribendis
1527 982 1795 1037 comaediis
1833 980 2161 1034 Terentium

554 1054 748 1108 Santra
777 1055 1180 1110 existimaverit.

631 1127 790 1180 Titus
803 1128 1049 1182 Manlius
1073 1130 1146 1182 A.
1163 1128 1220 1181 F.
1245 1129 1302 1183 T.
1325 1127 1403 1182 N.
1420 1128 1718 1200 Torquatus
1734 1165 1748 1191 ‚
1776 1128 1995 1199 Sequor
2008 1125 2161 1179 enim

554 1198 726 1253 Fastos
740 1200 1098 1272 Capitolinos
1115 1220 1238 1256 eum
1266 1207 1339 1255 ita
1377 1204 1756 1263 nominante8‚
1785 1215 1980 1272 praetor
2007 1197 2164 1252 fuisse

556 1275 831 1344 reperitur
857 1292 1004 1327 anno
1021 1275 1169 1328 urbis
1190 1277 1299 1344 583.
1321 1293 1468 1328 anno
1483 1290 1664 1327 autem
1691 1275 2004 1345 sequentijn
2025 1270 2164 1324 Col-

293 1388 315 1411 „
349 1372 503 1410 Lim«.
557 1345 763 1415 legium
802 1346 1129 1400 Pontificum
1157 1362 1448 1417 cooptatus
1465 1347 1553 1402 est.
1594 1357 1617 1381 ¹¹
1662 1348 1847 1399 Postea
1872 1349 1927 1397 in
1960 1360 2164 1397 annum

303 1423 398 1473 wib.
419 1437 449 1472 3·
562 1417 675 1484 588.
697 1417 909 1469 Consul
940 1434 1058 1469 cum
1077 1420 1182 1468 Cn.
1203 1419 1440 1471 OGbavio
1469 1432 1679 1470 creatus
1697 1419 1872 1488 (utex
1888 1416 2028 1470 fastis
2053 1414 2165 1468 dis-

559 1486 764 1558 cimus)
792 1487 926 1558 quid
945 1506 1118 1542 rerum
1136 1490 1377 1561 gestem,
1417 1491 1669 1561 ignorare
1712 1508 1813 1543 nos
1838 1504 2001 1561 coget
2029 1502 2164 1543 tem-

561 1578 759 1632 porum
786 1561 1008 1631 injuria,
1040 1581 1153 1633 quae
1167 1563 1330 1615 nobis
1359 1563 1636 1615 historiam
1663 1563 1813 1615 Livii
1833 1567 1968 1615 circa
2016 1561 2164 1615 hunc

561 1633 999 1688 annuminvidit.
1076 1636 1340 1688 Meminit
1372 1634 1531 1705 hujus
1571 1634 1897 1687 Consulatus
1938 1634 2166 1688 &Cice-

302 1746 326 1770 θ
354 1729 430 1769 Lfb,
455 1728 540 1767 „de
565 1723 658 1763 το,
699 1723 722 1746 ο
762 1704 1110 1773 cujuslocum
1135 1709 1264 1777 quia
1291 1707 1701 1761 memorabilem
1730 1707 1799 1759 de
1826 1707 1933 1759 hoc
1946 1707 2165 1760 Manlio

296 1782 423 1834 finibus·
564 1776 859 1846 Torquato
899 1779 1153 1831 continet
1193 1777 1496 1840 historiam,
1524 1779 1838 1840 subneAEkere
1866 1797 1979 1831 non
2011 1780 2167 1851 pige-

569 1849 674 1906 bit,
706 1855 751 1900 is
767 1847 832 1901 fic
853 1849 1032 1903 habet.
1111 1850 1266 1920 Qid
1293 1851 1684 1922 L.Torquatus
1725 1852 1828 1913 (ita
1855 1868 1979 1904 eum
1999 1852 2169 1906 Cice-

571 1938 633 1973 ro
661 1935 853 1974 contra
877 1921 1183 1985 Fastorum,
1212 1930 1261 1977 &
1288 1924 1437 1975 Livii
1463 1922 1654 1985 fidem,
1683 1938 1945 1996 corrupto
1975 1924 2168 1995 procul

571 1992 740 2045 dubio
757 1993 948 2048 codice
987 1995 1268 2067 appellat)
1311 1997 1462 2067 isqui
1482 1996 1674 2064 Consul
1693 2015 1806 2050 cum
1821 1998 1912 2050 Cn.
1934 1997 2168 2050 Oc't'avio

556 2064 681 2136 fuit
702 2083 815 2118 cum
831 2067 978 2119 illam
986 2069 1332 2135 severitatem
1347 2072 1405 2121 in
1428 2087 1481 2121 eo
1480 2067 1600 2138 filio
1624 2069 1895 2132 adhibuit,
1923 2087 2069 2143 quem
2109 2072 2169 2123 in

574 2139 896 2208 adoptionem
922 2141 1004 2194 ‘D
1022 2139 1202 2193 Silano
1231 2143 1653 2212 emancipaverat
1667 2179 1683 2205 ,
1707 2155 1767 2196 ut
1791 2161 1903 2196 eum
1929 2143 2174 2197 Macedo-

575 2226 695 2262 num
715 2210 942 2282 Legatis
962 2214 1346 2280 accusantibus,
1375 2214 1509 2286 quod
1524 2224 1767 2285 pecunias
1794 2216 2086 2269 Praetorem
2116 2221 2172 2268 in

568 2285 850 2362 provincia
913 2285 1155 2355 accepiffe
1191 2298 1492 2361 arguerent,
1530 2288 1738 2353 causam
1775 2288 1916 2360 apud
1920 2288 1984 2356 se
2009 2287 2175 2341 dicere

510 2384 515 2390 -
562 2354 805 2426 juberet,
841 2375 1002 2429 neque
1048 2376 1116 2410 ex
1142 2373 1362 2433 utraque
1384 2371 1535 2433 parte
1572 2362 1778 2422 audita,
1804 2363 2172 2431 pronuntiaret

584 2444 695 2507 eum
711 2446 810 2480 non
825 2431 982 2483 talem
997 2431 1170 2485 videri
1183 2433 1350 2504 fuiffie
1387 2438 1445 2486 in
1470 2435 1706 2505 imperia,
1731 2434 1908 2505 quales
1933 2435 2046 2506 ejus
2067 2451 2177 2496 ma-

565 2500 972 2572 Joressuiffent:
1001 2505 1061 2565 ὣ
1078 2506 1136 2558 in
1148 2507 1460 2578 conspecium
1470 2507 1626 2573 suum
1640 2512 1820 2561 venire
1835 2511 2028 2568 vetuit,
2044 2523 2173 2560 nun-

587 2573 717 2642 quid
740 2576 950 2629 videtur
968 2577 1068 2632 tibi
1081 2578 1142 2634 de
1158 2580 1521 2651 voluptatibus
1531 2579 1652 2648 suis
1664 2577 2004 2653 cogitaviffi?
2018 2578 2173 2644 {dem

1994 2665 2174 2707 narrat
