2226 3164
239 169 261 195 e
285 163 331 194 L.
344 161 380 195 6.
391 155 432 194 de

241 206 296 258 usu
309 210 359 246 (θ’
369 206 445 245 hab.

504 82 602 132 106
828 85 949 131 DE
1014 86 1807 157 VITISJURISC.

495 180 557 220 ut
595 183 662 220 ex
694 165 887 221 indice
924 167 1131 243 liquet,
1167 172 1415 246 itemque
1455 171 1634 227 Aristo
1661 211 1673 233 ,
1716 185 1735 210 e
1776 189 1838 229 ut
1889 173 2093 247 Ulpia:

493 256 597 294 nus
626 239 862 295 testatur.

569 312 653 367 M.
671 313 916 388 Coccqjus
941 314 1097 369 M.F.
1114 316 1311 374 Nerva
1338 319 1488 384 (sunt
1517 321 1664 374 enim
1693 318 1800 374 haec
1817 321 1974 374 unius
1990 337 2094 372 no-

494 387 672 449 mina,
699 405 770 451 ne
786 389 907 459 quis
923 407 1046 442 cum
1071 389 1384 446 Sebastiano
1411 393 1482 446 de
1511 393 1767 447 Medices
1794 392 1934 446 duos
1963 392 2097 449 inde

238 663 258 700 f
282 666 387 702 Front.
397 663 456 704 lib.

240 728 261 749 2
270 741 278 750 .
289 714 328 751 de
338 728 442 766 aquae-

234 763 320 801 duff.

232 1466 430 1556 f'bdpssffl'

233 1531 338 1608 eia-⁵1:
372 1532 424 1556 ε·

497 458 1167 535 efficiatJurisconsultos)
1182 464 1289 519 fuit
1301 465 1462 518 Pater
1478 466 1675 521 Netvae
1689 465 1938 538 Junioris
1952 501 1968 527 ,
1996 466 2097 537 qui

497 536 665 587 etiam
679 534 1250 607 interJurisconsultos
1279 538 1614 602 recensetur,
1653 557 1787 594 avus
1802 557 1932 594 vero
1948 537 2010 592 N
2015 556 2098 592 er-

495 623 577 661 vae
588 607 973 679 Imperatori3‚
1014 610 1131 682 ipse
1149 612 1381 676 scientia
1404 610 1840 684 Jurisqillustriss
1883 625 1945 664 ut
1970 628 2097 665 eum

493 681 796 735 Frontinus
810 680 1063 752 appellat.
1099 701 1120 738 f
1146 686 1305 740 Putat
1319 686 1679 758 Cuspinianus
1694 686 1838 737 hunc
1856 682 2100 738 nostrum

494 751 938 824 Iurisconsultum
966 755 1270 813 Consulem
1310 776 1433 814 cum
1472 758 1535 811 L.
1575 757 1764 811 Gellio
1793 774 1941 810 anno
1970 773 2092 827 717.

491 826 834 898 temporibus
861 827 1085 899 Augusti
1108 870 1122 891 ,
1156 829 1305 885 fuiffe
1331 852 1342 884 ε
1382 836 1434 885 &
1463 830 1603 885 Fasti
1629 829 1858 902 quidem
1878 830 2094 885 Cocce-

490 900 605 969 jum
620 918 687 954 eo
703 899 829 954 loco
844 903 1170 972 agnoscunt,
1208 903 1359 959 sedis
1375 904 1838 965 utnosterfuerit,
1877 917 2096 976 tempo-

490 991 610 1027 rum
638 974 779 1027 ratio
807 991 923 1028 non
951 977 1255 1047 permittit,
1294 994 1478 1048 neque
1519 979 1668 1029 enim
1708 975 1975 1029 credibile
2021 974 2098 1028 est

490 1063 615 1100 eum
652 1046 787 1100 totis
824 1049 1108 1120 sexaginta
1146 1054 1199 1104 ὃς
1238 1047 1364 1102 οᾶο
1406 1051 1565 1102 annis
1593 1047 1713 1120 post
1730 1046 2096 1101 Consulatum

491 1118 644 1173 :suum
658 1119 873 1174 vixifle:
914 1121 1069 1190 quod
1083 1121 1350 1176 fateamur
1365 1118 1575 1175 necesse
1597 1120 1698 1180 est,
1725 1119 1762 1174 fi
1778 1120 1924 1174 hunc
1936 1120 1999 1173 N
2003 1136 2091 1175 er-

491 1208 619 1244 vam
635 1196 680 1260 ej
690 1208 750 1244 us
765 1193 897 1246 anni
914 1193 1218 1248 Consulem
1232 1191 1667 1249 facimus.Potius
1682 1195 1869 1266 itaque
1885 1207 2096 1265 patrem

481 1262 869 1335 Jurisconsulti
894 1264 1062 1320 nostri
1102 1267 1410 1325 Consulatu
1451 1281 1583 1321 tunc
1622 1266 1864 1320 funstum
1904 1279 2095 1337 putem

488 1341 544 1387 &
559 1336 797 1390 eundem
812 1339 914 1390 ess'e
931 1356 1097 1408 que-m
1115 1342 1402 1410 Appianus
1421 1354 1603 1393 narrat
1628 1356 1752 1392 cum
1773 1338 2025 1391 Antonio
2041 1344 2094 1394 &2

487 1407 681 1461 Caesari
705 1409 834 1463 effet
858 1413 1084 1473 amicus,
1124 1412 1642 1465 reconciliationem
1670 1428 1862 1464 eorum
1892 1409 2095 1466 summa

487 1498 609 1536 cum
626 1481 922 1553 prudentia
936 1484 1256 1554 procui-affe.
1300 1497 1325 1537 g
1366 1485 1513 1538 Cum
1540 1499 1720 1539 autem
1744 1482 1969 1538 Tacitus
1989 1484 2093 1555 Ju-

487 1554 871 1610 risconsultum
887 1555 1135 1612 Nervam
1150 1557 1512 1612 Consularem
1539 1571 1704 1611 vocet
1720 1591 1735 1617 ,
1773 1556 1954 1629 deque
1979 1561 2093 1626 ejus

489 1628 798 1683 Consulatu
813 1629 869 1682 in
886 1629 1052 1684 Fastis
1068 1648 1249 1701 neque
1263 1630 1392 1685 vola
1407 1647 1586 1699 neque
1613 1628 1890 1698 vestigium
1918 1646 2088 1699 appa-

487 1711 634 1757 reat,
673 1699 972 1749 dicendum
999 1701 1072 1750 est
1101 1718 1226 1751 eum
1263 1701 1543 1753 sust-'eitum
1581 1699 1777 1772 geffisse
1809 1701 2090 1771 Magistra-

489 1781 623 1822 tum.
661 1765 909 1840 Tempus
922 1786 1149 1841 quoque
1164 1772 1490 1823 Consulatus
1505 1773 1535 1822 a
1551 1775 1733 1823 Nerva
1746 1771 1878 1841 gesti
1893 1773 1924 1843 ζ
1938 1771 2105 1842 (Ῑιιοεί1

492 1839 633 1912 apud
654 1839 792 1893 alios
816 1841 1087 1894 incertum
1120 1839 1236 1913 est)
1263 1860 1326 1894 ex
1357 1842 1534 1895 veteri
1559 1841 1916 1914 inscriptione
1942 1843 2088 1917 apud

495 1912 764 1969 Smetium
779 1913 944 1968 relata
958 1918 1193 1975 eruimus
1207 1948 1222 1976 ,
1263 1932 1326 1969 ea
1341 1912 1406 1967 fic
1422 1913 1614 1977 habet,

638 2058 693 2113 52·
688 2060 723 2112 i.
740 2059 930 2129 Caesar.
953 2061 1075 2114 divi
1101 2059 1329 2132 Augusti
1341 2097 1356 2123 ,
1394 2058 1454 2113 F.
1469 2059 1733 2132 Augustus

641 2131 808 2187 Pont.
824 2132 983 2186 Max.
1000 2132 1129 2203 Imp.
1150 2131 1306 2187 VIII
1306 2176 1316 2186 .
1342 2132 1552 2186 Tribun.
1563 2146 1670 2204 pot.
1686 2133 1899 2189 XXIV.
1911 2135 2053 2190 dedit
2065 2172 2082 2198 ,

644 2207 701 2259 C.
723 2204 878 2263 Vibio
898 2205 1091 2277 Rufino
1110 2204 1193 2261 M.
1209 2206 1420 2278 Coccejo
1435 2204 1631 2260 Nerva
1644 2207 1772 2276 Coff.

496 2350 669 2404 Unde
685 2352 934 2408 discimus
952 2350 1407 2423 Jurisconsultum
1439 2353 1675 2406 nostrum
1703 2353 1842 2405 circa
1869 2348 2079 2407 nonu'm

494 2423 713 2477 Tiberii
742 2444 940 2480 annum
968 2425 1065 2496 qui
1093 2427 1396 2482 ordinarios
1410 2425 1680 2481 Consules
1696 2424 1857 2479 habet
1873 2426 1938 2479 C.
1958 2426 2079 2493 ΑΗ·-

497 2497 649 2552 nium
665 2496 1131 2555 suffestumfuisse:
1171 2519 1293 2556 cum
1308 2505 1452 2556 enim
1477 2516 1545 2554 eo
1572 2517 1718 2554 anno
1744 2517 1856 2571 quo
1881 2502 2079 2623 Augssu-

1661 2593 1665 2596 ·
1972 2578 1989 2623 1
2018 2585 2075 2623 us
