2226 3164
551 122 593 166 L
631 121 651 165 1
687 121 740 165 B.
812 119 879 164 11.
948 119 989 164 C
1028 132 1058 161 A
1097 112 1141 164 1²ss
1208 120 1302 166 XI.
1599 120 1696 178 185

95 209 284 270 duxit,
322 223 436 260 non
465 205 559 260 abs
586 223 643 259 re
669 203 886 258 videtur
914 201 1014 256 effe
1050 203 1085 256 fi
1114 202 1248 256 alios
1275 204 1487 276 aliquot
1515 205 1695 274 minus

94 283 313 336 nobiles
341 316 355 340 ‚
407 282 502 351 qui
540 278 757 351 quidem
785 276 902 349 post
929 275 1238 328 Adrianum
1269 280 1400 350 Imp:
1428 279 1695 339 vixerint,

95 355 469 408 subneehmius
489 388 504 413 ‚
543 369 733 406 eorum
751 355 950 422 primus
967 352 1086 403 erit.

169 427 364 480 Sextus
394 425 627 486 Pedius,
669 432 719 478 &
748 422 1212 496 quandoquidem.
1255 423 1497 475 Rutilius
1526 425 1580 475 in
1610 424 1692 475 1ης

97 516 248 554 certo
276 499 377 552 effe
402 497 537 550 dicit
565 515 674 568 quo
704 513 952 567 tempore
980 497 1183 548 vixerit
1208 496 1367 548 liceat
1383 495 1692 548 nobisdivi-

96 577 375 624 nationem
394 587 453 621 ea
470 570 537 620 de
555 587 611 622 re
625 570 911 621 instituere.
955 570 1076 640 Ego
1093 568 1313 640 quidem
1334 583 1455 619 cum
1473 566 1690 620 videam

91 643 252 697 Pedii
272 643 645 695 austoritatem
660 642 687 694 a
703 641 829 693 solis
849 640 1100 712 Ulpiano
1117 649 1165 694 8<
1187 641 1358 695 Paulo
1373 639 1617 708 allegari,
1642 645 1692 692 &

93 718 159 770 ab
177 718 240 768 iis
259 715 482 788 quidem
500 712 830 785 saepiuscule,
871 712 1273 767 facileinducor
1301 727 1361 766 ut
1385 711 1595 764 credam
1623 728 1689 765 ex

95 786 892 859 anterioribusJurisconsultis
925 805 1039 839 non
1066 787 1218 840 fuiffe
1247 822 1262 848 ‚
1305 785 1452 837 secus
1481 782 1516 837 fi
1545 780 1693 836 foret

93 862 457 934 proculdubio
493 860 637 930 apud
664 862 798 913 alios
824 878 1048 931 quoque
1063 861 1173 913 ulla
1201 859 1317 928 ejus
1347 872 1558 911 extaret
1579 873 1692 909 me-

93 936 281 987 moria.
328 934 377 986 U
393 950 410 985 t
428 952 564 986 vero
583 937 747 985 etiam
778 933 893 1000 post
919 932 1255 983 Hadrianum
1279 930 1548 982 collocem
1564 927 1693 982 facit

93 1006 248 1058 locus
273 1005 498 1076 quidam
527 1042 538 1060 ‚
596 1003 690 1055 ubi
729 1008 771 1056 is
788 1003 993 1074 Juliani
1023 1003 1346 1056 sententiam
1376 1002 1616 1073 probasse
1643 1007 1694 1055 &

95 1078 399 1131 rationibus
417 1074 636 1129 firmaffe
652 1074 1110 1147 deprehenditur:
1148 1085 1168 1109 ³
1208 1075 1382 1128 rursus
1397 1076 1521 1128 alibi
1535 1075 1694 1127 Pom·
1726 1065 1814 1153 ξόῑᾶ
1841 1080 1899 1114 32·
1923 1073 1956 1112 §-

95 1151 272 1223 ponio
307 1149 606 1221 praefertur,
658 1155 706 1202 ὃ(
739 1155 809 1201 ita
836 1148 1062 1219 quidem
1095 1162 1156 1200 ut
1184 1147 1524 1218 Pomponius
1539 1146 1694 1199 Pedii
1722 1143 1793 1202 ανὲ.
1816 1130 1903 1154 em'

94 1223 423 1294 opinionem
451 1222 649 1293 probet
676 1256 690 1282 ‚
741 1223 903 1292 eique
930 1221 1138 1292 aliquid
1163 1221 1397 1290 adjiciat.
1436 1241 1471 1278 b-
1501 1220 1695 1291 Itaque
1721 1215 1745 1302 Ξ
1768 1223 1866 1304 dfif-
1884 1223 1953 1266 §40

92 1295 222 1349 hinc
247 1294 430 1348 nostro
458 1297 598 1349 circa
622 1294 757 1347 Divi
785 1295 865 1347 Pii
893 1310 1142 1365 tempora
1168 1295 1348 1346 locum
1363 1293 1519 1346 facio.
1561 1293 1697 1361 Quae
1744 1280 1760 1303 ε
1791 1281 1807 1303 ⁰
1825 1270 1920 1305 'mal'

92 1368 162 1422 de
176 1366 606 1438 Pedioquodam
623 1386 686 1418 ex
709 1366 891 1418 Persio
906 1367 1200 1417 afferuntur
1215 1401 1230 1426 ‚
1269 1364 1377 1416 Fur
1402 1383 1454 1415 es
1477 1367 1557 1416 ait
1574 1365 1688 1416 ‘Pe-

90 1442 202 1501 dio,
244 1439 448 1493 Pedius
472 1439 598 1512 quid
613 1439 640 1493 ,Ρ
682 1439 919 1491 Crimina
949 1437 1070 1504 rafis
1097 1437 1258 1489 librat
1286 1440 1342 1489 in
1369 1437 1687 1500 anthitetis,

92 1531 157 1568 ea
187 1513 352 1567 alieni
382 1514 489 1565 loci
521 1513 669 1573 sunt,
714 1529 895 1583 neque
925 1511 991 1564 ad
1021 1511 1164 1563 hunc
1212 1510 1451 1563 nostrum
1490 1510 1684 1565 referri

89 1601 402 1655 temporum
418 1589 556 1637 ratio
576 1587 793 1654 patitur.
855 1583 1265 1654 Scripfitautem
1297 1584 1493 1635 Pedius
1520 1586 1687 1637 multa

91 1659 159 1712 ad
188 1657 437 1709 Echecum
455 1694 466 1714 ‚
509 1674 628 1708 nam
657 1657 772 1707 libri
797 1655 1228 1727 vigefimiquinti
1249 1661 1586 1708 mentionem
1606 1657 1686 1708 fa-

94 1733 171 1783 cit
198 1729 420 1788 Paulu8‚
461 1742 482 1769 C
507 1729 602 1781 ubi
629 1729 723 1781 ille
738 1729 995 1799 scriptum
1013 1729 1297 1797 reliquerit
1313 1738 1465 1777 notas
1483 1727 1693 1779 litteras
1714 1735 1733 1760 c
1761 1725 1802 1761 L.
1819 1733 1851 1763 ⁶·
1868 1731 1944 1770 Μ’

89 1817 191 1856 non
209 1796 329 1868 esse:
376 1800 643 1869 praecipue
659 1816 787 1851 vero
804 1802 871 1849 ad
889 1799 1135 1848 Edietum
1149 1798 1382 1849 aedilium
1411 1817 1690 1853 commen·
1717 1774 1755 1811 ἀρ
1768 1774 1914 1827 b⁰n³p⁰ffl

90 1888 236 1929 tatus
268 1870 419 1924 fuiffe
447 1871 680 1923 videtur.
722 1869 1052 1938 Composuit
1082 1874 1131 1921 ὃς
1160 1868 1355 1920 librum
1373 1870 1441 1920 de
1468 1870 1684 1940 stipula-

90 1945 368 2003 tionibus,
407 1961 430 1998 d
469 1942 613 1995 unde
643 1943 754 1995 haec
781 1940 1281 2001 verbaafferuntur‚
1325 1940 1496 1994 Nihn
1523 1943 1684 2012 refert

83 2018 291 2090 proprio
306 2017 505 2068 nornine
519 2033 598 2067 res
622 2014 933 2086 appelletur,
967 2031 1036 2066 an
1075 2014 1242 2084 digito
1273 2013 1588 2083 ostendatur,
1614 2013 1685 2069 an

92 2088 367 2146 vocabulis
383 2088 682 2159 quibusdam
694 2087 1068 2155 demonstretur.
1099 2088 1274 2140 Extan
1286 2103 1305 2139 t
1320 2092 1371 2140 ὃ(
1386 2088 1505 2139 alibi
1524 2106 1682 2144 aurea

89 2160 370 2236 ejus·di6ta
389 2200 401 2220 ,
441 2177 526 2220 ut,
569 2164 770 2231 quoties
800 2161 908 2230 lege
931 2159 1141 2232 aliquid
1174 2177 1329 2213 unum
1355 2162 1444 2212 vel
1463 2160 1682 2214 alterurn

91 2233 438 2290 introdut‘t'um
454 2233 521 2301 est
533 2269 547 2294 ‚
591 2233 719 2286 bona
736 2232 917 2297 occasio
931 2232 1023 2304 est,
1054 2244 1241 2286 caetera
1256 2251 1367 2305 qttae
1387 2236 1602 2286 tendunt
1617 2235 1689 2287 ad

96 2308 302 2362 eandem
325 2308 616 2359 uttlz'tatem
644 2345 658 2370 ‚
697 2306 790 2359 vel
810 2308 1237 2376 interpretatione
1262 2307 1354 2359 vel
1372 2319 1508 2361 certe
1514 2307 1688 2379 juris-

93 2379 320 2436 dictione
321 2378 556 2448 suppleri
575 2419 586 2436 ‚
630 2394 649 2417 e
688 2380 930 2450 itemque
956 2382 1199 2448 optimum
1216 2380 1281 2447 est
1306 2397 1403 2432 non
1417 2383 1685 2451 propriam
1709 2367 1943 2448 {ss13‘d‘

94 2452 365 2506 verborum
379 2450 809 2521 fignificationem
848 2452 1120 2518 scrutari,
1160 2453 1261 2517 sed
1280 2455 1531 2523 imprt'rnis
1561 2456 1689 2523 qnid
1730 2428 1755 2463 g
1793 2443 1800 2450 ⁶

100 2525 331 2595 Testator
344 2524 676 2592 demonstrare
693 2526 922 2579 voluerit
940 2562 954 2589 ,
986 2526 1165 2579 deinde
1178 2527 1234 2579 in
1249 2526 1679 2598 quapraesumtio-

1001 2598 1050 2651 A
1067 2617 1096 2652 a
1622 2614 1685 2650 ne-
