2226 3164
540 130 727 176 LIB.
796 131 864 176 11.
935 131 976 176 c
1017 145 1048 176 A
1087 145 1131 176 r.
1204 134 1330 181 vn.
1619 152 1714 203 ¹57

115 219 261 287 libro
287 217 579 272 undecimo
606 219 674 272 ad
700 217 951 272 Edfflnm
979 220 1270 290 Ulpianum
1307 221 1521 278 Vinidii
1549 245 1704 282 men-

115 291 328 347 tionem
356 290 530 345 facere
561 291 768 352 scribit,
809 289 1070 362 nusquam
1102 297 1245 343 enim
1277 296 1331 346 in
1364 295 1489 349 loco
1505 299 1704 372 abipso
1816 363 1822 367 -

113 364 351 419 adducito
367 382 570 417 nomen
600 362 812 419 Vinidii
839 365 1101 416 occurrit:
1143 360 1154 395 ¹
1194 363 1351 418 Idem
1380 383 1530 423 extra
1555 364 1730 428 oleas¹
1760 365 1814 421 1⁴³
1837 376 1894 402 11·
1920 364 1959 401 ‘²‘

111 453 339 509 vagatur
354 436 477 489 dum
493 436 730 508 quaedam
746 436 814 490 de
828 435 1109 507 Qadrato
1127 431 1281 489 affert
1297 472 1311 496 ,
1354 442 1406 489 &
1431 441 1703 510 Spartiani
1722 429 1833 453 'mr'

108 509 292 562 locum
308 508 596 562 emendare
611 510 930 568 contendit,
979 508 1087 561 fuit
1113 508 1261 563 enim
1290 508 1575 579 Qadrato
1595 518 1701 571 Mi-

106 579 287 638 midfi,
330 597 445 631 non
460 578 920 640 Vinidiinomen‚
961 594 1022 635 ut
1038 582 1180 635 reste
1203 582 1400 653 probat
1415 583 1696 641 Caffiodo-

102 668 215 722 rus,
260 668 442 723 neque
458 651 712 708 codicum
739 653 872 708 fides
890 653 1121 707 vacillat.

617 799 668 854 C
708 800 759 853 A
796 798 857 856 P.
934 800 1134 857 VIII.

96 944 254 1006 ‘Junius
277 948 582 992 Mauricianus
595 980 609 999 ,
645 947 818 992 deaetate
831 952 924 1007 ejus
943 947 1175 1008 difieptutio
1188 976 1202 999 ,
1239 948 1329 1009 ejus
1336 949 1516 1010 sbriptn:
1534 955 1687 998 Teren-

157 1013 243 1052 tius
263 1010 449 1054 Clemens
469 1031 483 1055 .·
518 1011 674 1071 Ulpius
693 1010 936 1054 Marcellus
960 1040 973 1063 ‚
1020 1026 1083 1054 res
1103 1009 1154 1054 ab
1181 1027 1223 1054 eo
1236 1011 1347 1075 gestae
1362 1044 1375 1065 ,
1399 1014 1559 1076 scripta
1573 1049 1585 1069 ‚
1618 1035 1688 1061 er-

156 1087 229 1116 ror
247 1079 356 1118 circa
374 1090 421 1118 eu
447 1075 628 1119 Rivallii
641 1105 654 1126 ‚
687 1072 943 1119 dilucidatas
962 1073 1269 1119 Pandam-um
1291 1077 1424 1131 locus,
1460 1084 1509 1124 R.
1536 1085 1688 1127 Cervi-

155 1133 249 1180 dius
266 1138 473 1192 Scaevola‚
508 1140 763 1199 ejusscriptu
778 1170 791 1191 ‚
826 1138 955 1201 deque
973 1144 1022 1182 iis
1033 1139 1250 1200 judicium
1272 1172 1284 1192 ‚
1320 1143 1548 1203 explicatus
1566 1149 1686 1190 Pan-

153 1197 371 1246 desturum
391 1203 503 1248 locus
522 1208 570 1256 (φ
600 1201 841 1249 emendatus
855 1235 869 1258 ‚
906 1205 1087 1250 Scaevola
1099 1221 1154 1249 an
1175 1210 1418 1251 variaverit
1427 1212 1660 1270 inquiritur
1675 1228 1690 1256 z

151 1266 351 1332 Papyrius
369 1266 540 1330 Justus.

177 1395 349 1451 Unius
375 1400 767 1456 Mauricianus,
809 1416 971 1470 quern
989 1399 1128 1452 male
1145 1399 1685 1473 BertrandusJulium

175 1484 364 1529 vocat,
393 1470 642 1525 hastenus
658 1471 796 1525 adeo
817 1472 1074 1543 ignobilis
1102 1472 1230 1531 fuit,
1277 1487 1337 1525 ut
1362 1491 1527 1526 nemo
1558 1489 1680 1528 aeta-

167 1557 278 1596 tem
300 1561 406 1615 qua
436 1545 661 1605 vixerit,
704 1558 856 1597 certo
891 1545 1218 1616 prodiderit.
1259 1548 1535 1600 Antonius
1571 1552 1685 1600 Au-

76 1613 319 1684 gustinus
361 1632 484 1667 eum
518 1615 635 1684 post
677 1618 989 1670 Antonium
1028 1617 1363 1671 Caracallam
1386 1633 1478 1671 aut
1495 1619 1587 1673 sub
1611 1638 1680 1673 eo

12 1715 16 1717 >
74 1685 312 1741 collocat
337 1707 347 1739 :
400 1687 732 1741 Bertrandus
759 1688 812 1741 ei
840 1688 933 1741 sub
975 1690 1304 1745 Alexandro
1346 1691 1529 1742 locum
1554 1690 1678 1744 dat:

73 1755 320 1809 Rutilius
350 1757 496 1808 hufic
519 1773 732 1809 tantum
763 1764 1010 1812 nominat
1036 1800 1048 1818 ‚
1089 1777 1274 1830 neque
1294 1761 1586 1831 quicquam
1604 1762 1681 1814 ul-

75 1835 243 1881 terius
261 1832 531 1881 memoriae
548 1828 751 1899 prodit.
795 1828 922 1881 Nos
949 1843 1009 1881 ut
1025 1834 1158 1881 certi
1185 1832 1395 1901 aliquid
1417 1833 1516 1884 hac
1530 1833 1599 1885 de
1615 1852 1674 1887 re

73 1900 359 1955 statuamus
377 1937 389 1962 ‚
406 1902 656 1974 Juri-scon
667 1901 861 1953 fultum
876 1901 1021 1953 hunc
1037 1900 1277 1955 nostrum
1293 1902 1384 1955 sub
1402 1903 1550 1955 Divo
1566 1903 1671 1958 Pio

73 1979 125 2028 &
144 1974 263 2045 post
278 1993 403 2028 eum
421 1973 604 2028 vixifle
620 1991 730 2025 non
749 1973 1059 2026 dubitamus
1075 2012 1087 2031 ‚
1129 1974 1298 2046 idque
1315 1974 1520 2028 induffi
1537 1975 1672 2029 duo-

23 2075 25 2077 ·
72 2045 171 2099 bus
193 2048 461 2119 praecipue
483 2047 643 2104 locis,
690 2063 813 2099 nam
835 2049 888 2098 in
918 2064 1034 2099 uno
1061 2045 1129 2098 fic
1154 2047 1424 2117 loquitur,
1466 2046 1547 2101 Et
1571 2048 1702 2129 hoca
1728 2095 1754 2131 L
1785 2108 1802 2131 Ζ
1854 2099 1877 2135 d

69 2132 230 2188 nuper
257 2120 544 2190 Imperator
561 2119 864 2171 Antoninus
893 2119 965 2173 ad
987 2119 1214 2172 libellum
1233 2119 1511 2188 rescripfit,
1552 2139 1572 2163 a
1613 2111 1894 2193 &ufiaedfflffobf

67 2191 127 2244 in
155 2192 325 2246 altero
357 2193 465 2247 haec
493 2193 833 2265 reperiuntur
859 2191 1026 2246 verba
1053 2226 1067 2252 ,
1126 2192 1324 2245 Divus
1350 2192 1737 2248 Hadrianusleg-

67 2264 125 2315 in
151 2263 388 2318 ‘Plotinae
405 2303 416 2325 ‚
461 2263 524 2324 ἔγ
536 2262 772 2335 proxime
798 2263 1086 2335 Imperator
1100 2265 1405 2318 Antoninus
1431 2268 1488 2319 in
1514 2264 1658 2319 Fau·
1867 2327 1876 2337 ,

20 2396 28 2402 ξ
50 2336 211 2406 stinae
239 2339 484 2410 Augustae
502 2339 719 2408 persona
745 2337 1011 2403 constituit
1036 2376 1049 2398 ‚
1089 2336 1112 2374 b
1153 2337 1385 2392 deficere
1422 2339 1658 2411 legatum
1676 2347 1697 2384 b
1725 2350 1764 2387 L·
1796 2365 1853 2401 57.
1872 2353 1911 2393 de

64 2409 216 2481 quod
231 2416 348 2480 quis
379 2411 621 2478 Augustae
644 2411 957 2481 reliquerit,
997 2411 1282 2483 postquam
1307 2429 1369 2464 ea
1395 2415 1537 2465 inter
1553 2412 1653 2469 ho·
1672 2400 1734 2450 ¹⁸3·
1751 2416 1784 2438 ²·

63 2483 241 2535 mines
267 2484 367 2537 effe
395 2484 620 2538 deflerit.
663 2483 797 2553 Qae
821 2482 857 2536 fi
885 2483 1234 2537 conferantur
1259 2484 1504 2538 eumalio
1531 2485 1691 2560 lococ
1716 2527 1755 2562 L·
1773 2526 1873 2573 md·

66 2555 432 2624 praecedente,
473 2570 491 2595 ⁶
532 2561 623 2629 qui
654 2558 779 2627 Gaji
810 2554 906 2618 est,
920 2556 1105 2686 x{acile
1131 2557 1336 2630 patebit
1358 2560 1651 2683 Utmbiqge
1673 2577 1738 2613 Tit.

1013 2647 1039 2701 3
1620 2649 1650 2686 e
