2253 3207
546 164 1103 223 LiB.1.cA1›.
1173 169 1209 211 1.
1655 187 1682 236 7

79 270 310 333 augeret.
349 282 372 309 z
412 255 578 309 Anno
626 270 762 307 vero
791 266 917 323 455.
967 257 1211 307 interrex
1240 270 1447 310 creatus
1474 261 1572 323 est,
1599 263 1690 318 sed

80 353 190 407 qua
213 333 284 386 de
303 330 450 386 causa
463 365 478 391 ,
505 325 732 400 quando
750 340 966 380 veteres
981 326 1040 379 id
1056 343 1169 380 non
1187 327 1488 398 prodidere
1503 366 1517 391 ‚
1534 334 1689 404 igno.

79 421 244 463 ratur.
294 401 439 459 lllud
466 403 522 456 in
553 401 727 473 Appii
767 401 1087 470 interregno
1115 416 1419 456 memoratu
1458 403 1688 476 dignum

77 479 306 539 accidit,
344 474 498 547 quod
539 492 660 528 cum
687 473 927 546 deplebe
956 473 1234 528 consulem
1261 476 1510 547 accipere
1526 481 1577 531 se
1593 480 1689 535 ille

79 564 304 624 negaret
317 584 334 611 ‚
357 549 436 602 M.
456 548 657 604 Curius
671 547 829 602 Trib.
844 547 989 620 pleb.
1006 562 1186 620 patres
1200 563 1326 603 ante
1341 549 1457 620 ejus
1475 552 1552 606 rei
1569 571 1697 606 auc-

77 638 229 679 tores
269 621 386 676 fieri
423 623 684 695 coegerit.
760 620 969 675 Rursus
1007 640 1155 675 anno
1169 639 1296 693 457.
1335 641 1456 677 cum
1487 627 1690 697 prioris

75 695 413 752 Consulatus
446 696 688 768 Collega
727 694 966 749 eundem
1007 694 1156 765 gesfit
1184 696 1591 769 Magistratum‚
1636 705 1688 754 &

76 785 193 826 tum
210 769 434 842 quidem
463 770 754 824 militarem
771 786 999 842 quoque
1014 769 1072 823 in
1101 769 1395 824 Provincia
1421 770 1687 827 Hetruria

72 843 348 900 affectavit
363 845 622 918 gloriam,
641 842 734 896 scd
750 861 940 915 parum
956 842 1216 917 prospere
1231 844 1288 898 in
1305 845 1591 918 principio
1609 864 1687 901 re-

76 917 178 971 bus
190 916 375 990 gestia,
416 917 601 991 postea
628 918 983 989 imperatoria
1023 918 1210 972 munia
1235 919 1492 990 gnaviter
1531 921 1685 975 exse-

73 989 304 1064 quendo
320 1031 333 1051 ‚
371 1005 582 1046 tantum
638 990 852 1052 effecit,
882 1005 942 1045 ut
979 991 1252 1046 Samnites
1292 997 1343 1046 &
1387 991 1689 1049 Hetruscos

75 1064 199 1117 curn
228 1063 443 1137 collega
469 1064 648 1119 castris
674 1078 895 1119 exueret
908 1090 929 1124 ,-
973 1063 1116 1119 Pace
1132 1078 1314 1119 tamen
1331 1084 1495 1138 quam
1536 1068 1685 1121 bello

74 1138 365 1191 meliorem
394 1140 639 1192 habitum
666 1138 757 1192 vel
781 1156 850 1192 ex
887 1138 996 1191 hoc
1020 1139 1171 1193 Livii
1198 1139 1326 1192 loco
1365 1152 1548 1211 patet,
1589 1140 1686 1194 ubi

77 1209 389 1264 Volumnius
413 1212 650 1266 Callidos
680 1210 1010 1284 solertesque,
1011 1213 1158 1282 juris
1181 1224 1341 1285 atque
1378 1212 1686 1286 eloquentiae

71 1283 360 1351 consultos,
399 1285 574 1357 qualis
613 1286 824 1355 Appius
851 1285 1103 1340 Claudius
1127 1284 1280 1355 efflet,
1312 1287 1430 1341 urbi
1466 1304 1529 1339 ac
1554 1286 1682 1358 foro

69 1356 303 1426 praesides
326 1356 585 1411 habendos
602 1398 614 1419 ,
635 1358 1004 1429 Praetor-esque
1018 1360 1092 1412 ad
1109 1360 1363 1413 reddenda
1368 1360 1497 1429 jura
1509 1376 1685 1412 crean-

72 1429 166 1482 dos
202 1452 223 1477 a
259 1430 360 1481 ait:
388 1448 506 1499 quae
519 1431 658 1481 ratio
674 1429 811 1498 Pop.
828 1430 1150 1479 Romanum
1169 1433 1348 1481 movit
1364 1445 1426 1481 ut
1450 1447 1574 1481 eum
1591 1433 1677 1484 vi-

73 1516 194 1553 rum
210 1499 539 1552 Censorium
555 1533 571 1558 ,
608 1505 661 1550 &
676 1498 1032 1550 Consularem
1061 1499 1118 1550 in
1138 1499 1458 1569 sequentem
1476 1520 1680 1557 annum

71 1565 364 1627 Praetorem
389 1569 615 1622 diceret.
654 1566 677 1602 b
716 1567 847 1621 Fuit
871 1584 1054 1621 autem
1096 1572 1312 1642 Appius
1338 1575 1680 1642 patritiarum
1703 1580 1727 1617 b
1753 1582 1911 1641 ζὶν-ᾱεα

71 1644 307 1717 partium
325 1640 715 1705 tenaciffimus,
744 1640 1133 1713 atqueidcirco
1148 1662 1271 1696 cum
1298 1644 1472 1699 Decio
1502 1647 1571 1703 de
1592 1649 1682 1703 Sa-
1706 1631 1807 1670 ¹³²⁶·
1824 1646 1861 1681 9·

10 1754 13 1755 ν
72 1715 391 1784 cerdotibus
416 1716 650 1785 explebe
676 1733 792 1769 non
820 1713 1070 1787 legendis
1086 1722 1348 1771 acerrime
1363 1719 1680 1791 disputavit,

72 1789 262 1845 eadem
280 1788 450 1842 ferme
464 1788 721 1843 differens
735 1824 751 1852 ‚
776 1806 895 1861 quae
919 1788 1133 1860 aliquot
1160 1804 1287 1844 ante
1302 1794 1459 1846 annis
1472 1794 1539 1846 ab
1557 1795 1675 1866 Ap-

68 1865 170 1936 pio
184 1860 427 1915 Claudio
444 1875 653 1933 nepote
666 1861 985 1916 Decemviri
1001 1877 1192 1917 contra
1213 1863 1387 1935 legem
1404 1866 1677 1922 Liciniam

71 1937 142 1990 de
156 1933 617 1989 communicando
632 1952 754 1988 cum
769 1934 950 2005 plebej
959 1935 1000 1988 is
1013 1935 1296 1990 consulatu
1311 1939 1452 1994 dista
1467 1956 1635 1995 erant.
1657 1977 1676 2002 c
1698 1955 1718 1979 <³
1743 1945 1820 2004 Liv-
1832 1947 1902 1988 dec,

70 2008 204 2080 Qae
228 2007 520 2063 nominum
559 2006 859 2061 similitudo
873 2006 1035 2069 fecit,
1075 2023 1136 2061 ut
1152 2009 1328 2064 vietor
1344 2012 1473 2066 huic
1488 2013 1674 2073 nostro
1700 1993 1802 2034 ¹‘l‘b'
1825 2010 1883 2037 ¹0¹

69 2100 172 2155 per
183 2098 426 2136 errorem
451 2081 707 2135 tribuerit
721 2120 732 2140 ‚
748 2080 902 2154 quod
926 2079 995 2134 ad
1011 2081 1240 2135 alterum
1254 2084 1410 2137 illum
1427 2089 1673 2159 Appium

70 2153 386 2214 Claudium,
415 2154 565 2208 forte
593 2155 754 2225 hujus
768 2153 937 2208 nostri
962 2172 1151 2217 avum,
1169 2170 1285 2209 erat
1302 2157 1670 2218 referendum.

67 2227 344 2282 Caeterum
358 2227 505 2281 hunc
531 2228 776 2300 Appium
804 2227 1022 2282 Caecum
1043 2228 1366 2301 eloquentia
1381 2232 1669 2288 civilibus-

68 2319 178 2374 que
191 2300 377 2355 studiis
392 2300 539 2355 haud
552 2301 720 2356 dubie
746 2301 1079 2373 praestantem
1106 2302 1297 2357 Livius
1313 2304 1445 2359 alibi
1472 2323 1666 2371 vocat,

68 2376 169 2447 qui
185 2374 388 2429 &illud
401 2390 581 2429 narrat
594 2374 789 2430 suafiffe
802 2393 926 2430 eum
943 2376 1115 2430 Genti
1142 2375 1385 2441 Potitiae,
1410 2380 1563 2450 cujus
1595 2381 1672 2436 ad

67 2466 213 2502 aram
228 2449 516 2512 maximam·
526 2449 782 2503 Herculis
805 2449 1072 2505 familiare
1087 2449 1671 2516 sacerdotium-eranut*

70 2520 258 2575 servos
286 2521 537 2594 publicos
574 2522 857 2577 ministerii
894 2523 1187 2596 delegandi
1213 2524 1361 2581 causa
1398 2526 1666 2582 solemnia

71 2593 188 2665 ejus
202 2595 334 2652 sacri
346 2594 603 2652 docerets
628 2615 742 2671 quo
765 2596 908 2674 facto
923 2602 977 2655 &
1000 2597 1338 2657 Potitiorum
1374 2603 1668 2672 gensinte-

111 2686 114 2689 ’
1571 2686 1672 2728 tiit

1710 313 1733 342 z
1758 304 1827 355 Cic.
1843 304 1874 341 in
1882 307 1943 355 B'r.

1704 1426 1725 1450 a
1750 1418 1785 1452 d.
1798 1416 1855 1454 lib.
1880 1422 1941 1464 1045

1703 1465 1771 1503 dec.
1790 1479 1822 1504 1.
